<?xml version="1.0" encoding="UTF-8"?>
<collection xmlns="http://www.loc.gov/MARC21/slim"
            xmlns:xsi="http://www.w3.org/2001/XMLSchema-instance"
            xmlns:marc="http://www.loc.gov/MARC21/slim"
            xmlns:oai="http://www.openarchives.org/OAI/2.0/"
            xsi:schemaLocation="http://www.loc.gov/MARC21/slim http://www.loc.gov/standards/marcxml/schema/MARC21slim.xsd">
  
  <record xsi:schemaLocation="http://www.loc.gov/MARC21/slim http://www.loc.gov/standards/marcxml/schema/MARC21slim.xsd">
      <leader>00000cam  2200349   4500</leader>
      <controlfield tag="FMT">BK</controlfield>
      <controlfield tag="LDR">00000cam  2200349   4500</controlfield>
      <controlfield tag="001">001910070</controlfield>
      <controlfield tag="003">NNU</controlfield>
      <controlfield tag="005">20150401093541.0</controlfield>
      <controlfield tag="008">910130m19721991ne a     b    001 0 fre</controlfield>
      <datafield tag="010" ind1=" " ind2=" ">
         <subfield code="a">72340099 //r86</subfield>
      </datafield>
      <datafield tag="015" ind1=" " ind2=" ">
         <subfield code="a">Ne72-22 (v. 1)</subfield>
      </datafield>
      <datafield tag="020" ind1=" " ind2=" ">
         <subfield code="a">9004039813 (v. 2)</subfield>
      </datafield>
      <datafield tag="035" ind1=" " ind2=" ">
         <subfield code="a">(CStRLIN)NYUG91-B3616</subfield>
      </datafield>
      <datafield tag="035" ind1=" " ind2=" ">
         <subfield code="a">GLIS008528455</subfield>
      </datafield>
      <datafield tag="035" ind1="9" ind2=" ">
         <subfield code="a">NYUb10852845</subfield>
      </datafield>
      <datafield tag="043" ind1=" " ind2=" ">
         <subfield code="a">e------</subfield>
         <subfield code="a">ff-----</subfield>
         <subfield code="a">aw-----</subfield>
      </datafield>
      <datafield tag="050" ind1="0" ind2=" ">
         <subfield code="a">Z7834.E3</subfield>
         <subfield code="b">L44 1972</subfield>
         <subfield code="a">BL2441.2</subfield>
      </datafield>
      <datafield tag="082" ind1="0" ind2=" ">
         <subfield code="a">016.299/31</subfield>
         <subfield code="2">19</subfield>
      </datafield>
      <datafield tag="090" ind1=" " ind2=" ">
         <subfield code="i">03/20/92 T</subfield>
         <subfield code="h">01/07/92 CT</subfield>
         <subfield code="h">02/21/91 T</subfield>
         <subfield code="h">01/30/91 CT</subfield>
      </datafield>
      <datafield tag="100" ind1="1" ind2=" ">
         <subfield code="a">Leclant, Jean.</subfield>
      </datafield>
      <datafield tag="245" ind1="1" ind2="0">
         <subfield code="a">Inventaire bibliographique des Isiaca (Ibis).</subfield>
         <subfield code="b">Répertoire analytique des travaux relatifs à la diffusion des cultes isiaques 1940-1969.</subfield>
         <subfield code="c">Avec la collaboration de Gisèle Clerc.</subfield>
      </datafield>
      <datafield tag="260" ind1=" " ind2=" ">
         <subfield code="a">Leiden,</subfield>
         <subfield code="b">Brill,</subfield>
         <subfield code="c">1972-1991.</subfield>
      </datafield>
      <datafield tag="300" ind1=" " ind2=" ">
         <subfield code="a">4 v. :</subfield>
         <subfield code="b">photos.</subfield>
         <subfield code="c">25 cm.</subfield>
      </datafield>
      <datafield tag="490" ind1="1" ind2=" ">
         <subfield code="a">Etudes préliminaires aux religions orientales dans l'empire romain,</subfield>
         <subfield code="v">t. 18</subfield>
      </datafield>
      <datafield tag="500" ind1=" " ind2=" ">
         <subfield code="a">ISAW copy is from the Library of Pieter Sijpesteijn.</subfield>
         <subfield code="5">NNU</subfield>
      </datafield>
      <datafield tag="500" ind1=" " ind2=" ">
         <subfield code="a">At head of title: J. Leclant.</subfield>
      </datafield>
      <datafield tag="500" ind1=" " ind2=" ">
         <subfield code="a">Includes indexes.</subfield>
      </datafield>
      <datafield tag="505" ind1="1" ind2=" ">
         <subfield code="a">[1]. A-D -- [2]. E-K -- [3]. L-Q -- [4]. R-Z.</subfield>
      </datafield>
      <datafield tag="651" ind1=" " ind2="0">
         <subfield code="a">Egypt</subfield>
         <subfield code="x">Religion</subfield>
         <subfield code="v">Bibliography.</subfield>
      </datafield>
      <datafield tag="650" ind1=" " ind2="0">
         <subfield code="a">Isis (Egyptian deity)</subfield>
         <subfield code="v">Bibliography.</subfield>
      </datafield>
      <datafield tag="651" ind1=" " ind2="0">
         <subfield code="a">Rome</subfield>
         <subfield code="x">Religion</subfield>
         <subfield code="v">Bibliography.</subfield>
      </datafield>
      <datafield tag="700" ind1="1" ind2=" ">
         <subfield code="a">Clerc, Gisèle</subfield>
         <subfield code="e">joint author.</subfield>
      </datafield>
      <datafield tag="796" ind1="1" ind2=" ">
         <subfield code="a">Sijpesteijn, P. J.,</subfield>
         <subfield code="e">former owner.</subfield>
      </datafield>
      <datafield tag="797" ind1="2" ind2=" ">
         <subfield code="a">Sijpesteijn Collection.</subfield>
      </datafield>
      <datafield tag="830" ind1=" " ind2="0">
         <subfield code="a">Etudes préliminaires aux religions orientales dans l'Empire romain ;</subfield>
         <subfield code="v">t. 18.</subfield>
      </datafield>
      <datafield tag="OWN" ind1=" " ind2=" ">
         <subfield code="a">GENERAL</subfield>
      </datafield>
      <datafield tag="998" ind1=" " ind2=" ">
         <subfield code="a">03/20/92</subfield>
         <subfield code="t">b</subfield>
         <subfield code="s">9110</subfield>
         <subfield code="n">NNU</subfield>
         <subfield code="w">NYUG91B3616</subfield>
         <subfield code="d">01/30/91</subfield>
         <subfield code="b">XXX</subfield>
         <subfield code="i">920320</subfield>
         <subfield code="h">920107</subfield>
         <subfield code="h">910221</subfield>
         <subfield code="h">910130</subfield>
         <subfield code="l">NYUG</subfield>
      </datafield>
      <datafield tag="AVA" ind1=" " ind2=" ">
         <subfield code="a">NYU50</subfield>
         <subfield code="b">BOBST</subfield>
         <subfield code="c">Main Collection</subfield>
         <subfield code="d">Z7834.E3 L44 1972</subfield>
         <subfield code="e">unavailable</subfield>
         <subfield code="t">Unavailable</subfield>
         <subfield code="f">4</subfield>
         <subfield code="g">4</subfield>
         <subfield code="h">Y</subfield>
         <subfield code="i">0</subfield>
         <subfield code="j">MAIN</subfield>
         <subfield code="k">0</subfield>
      </datafield>
      <datafield tag="AVA" ind1=" " ind2=" ">
         <subfield code="a">NYU50</subfield>
         <subfield code="b">NIFA</subfield>
         <subfield code="c">Main Collection</subfield>
         <subfield code="d">BL1015 .E8 t.18 Non-circulating</subfield>
         <subfield code="e">unavailable</subfield>
         <subfield code="t">Unavailable</subfield>
         <subfield code="f">4</subfield>
         <subfield code="g">4</subfield>
         <subfield code="h">Y</subfield>
         <subfield code="i">0</subfield>
         <subfield code="j">MAIN</subfield>
         <subfield code="k">0</subfield>
      </datafield>
      <datafield tag="AVA" ind1=" " ind2=" ">
         <subfield code="a">NYU50</subfield>
         <subfield code="b">NISAW</subfield>
         <subfield code="c">Small Collection</subfield>
         <subfield code="d">Z7834.E3 L44 1972</subfield>
         <subfield code="e">available</subfield>
         <subfield code="t">Available</subfield>
         <subfield code="f">2</subfield>
         <subfield code="g">0</subfield>
         <subfield code="h">Y</subfield>
         <subfield code="i">0</subfield>
         <subfield code="j">SMALL</subfield>
         <subfield code="k">0</subfield>
      </datafield>
      <marc:datafield tag="852" ind1=" " ind2=" ">
         <marc:subfield code="b">Institute for the Study of the Ancient World, </marc:subfield>
         <marc:subfield code="c">Small Collection</marc:subfield>
         <marc:subfield code="e">15 East 84th St., </marc:subfield>
         <marc:subfield code="e">New York, NY  10028</marc:subfield>
      </marc:datafield>
   </record>