
  
  
  
  
  
  
  
  
 
  
  <record xsi:schemaLocation="http://www.loc.gov/MARC21/slim http://www.loc.gov/standards/marcxml/schema/MARC21slim.xsd">
      <leader>00000cam  22003255i 4500</leader>
      <controlfield tag="FMT">BK</controlfield>
      <controlfield tag="LDR">00000cam  22003255i 4500</controlfield>
      <controlfield tag="001">004112985</controlfield>
      <controlfield tag="003">OCoLC</controlfield>
      <controlfield tag="005">20150401110600.0</controlfield>
      <controlfield tag="008">130919t20152015enka     b    001 0 eng d</controlfield>
      <datafield tag="020" ind1=" " ind2=" ">
         <subfield code="a">9780754669661</subfield>
         <subfield code="q">hardcover</subfield>
      </datafield>
      <datafield tag="020" ind1=" " ind2=" ">
         <subfield code="a">0754669661</subfield>
         <subfield code="q">hardcover</subfield>
      </datafield>
      <datafield tag="035" ind1="7" ind2=" ">
         <subfield code="a">ybp100602439</subfield>
      </datafield>
      <datafield tag="035" ind1=" " ind2=" ">
         <subfield code="a">(OCoLC)904177894</subfield>
      </datafield>
      <datafield tag="040" ind1=" " ind2=" ">
         <subfield code="a">YDXCP</subfield>
         <subfield code="b">eng</subfield>
         <subfield code="e">rda</subfield>
         <subfield code="c">YDXCP</subfield>
         <subfield code="d">OCLCO</subfield>
         <subfield code="d">NNU</subfield>
      </datafield>
      <datafield tag="043" ind1=" " ind2=" ">
         <subfield code="a">aw-----</subfield>
         <subfield code="a">f-ua---</subfield>
         <subfield code="a">e-gr---</subfield>
      </datafield>
      <datafield tag="050" ind1=" " ind2="4">
         <subfield code="a">BX103.3</subfield>
         <subfield code="b">.L36 2015</subfield>
      </datafield>
      <datafield tag="082" ind1="0" ind2="4">
         <subfield code="a">270.2</subfield>
         <subfield code="2">23</subfield>
      </datafield>
      <datafield tag="245" ind1="0" ind2="0">
         <subfield code="a">Languages and cultures of Eastern Christianity :</subfield>
         <subfield code="b">Greek /</subfield>
         <subfield code="c">edited by Scott Fitzgerald Johnson.</subfield>
      </datafield>
      <datafield tag="264" ind1=" " ind2="1">
         <subfield code="a">Surrey, England :</subfield>
         <subfield code="b">Ashgate Publishing Limited,</subfield>
         <subfield code="c">[2015]</subfield>
      </datafield>
      <datafield tag="264" ind1=" " ind2="4">
         <subfield code="c">©2015</subfield>
      </datafield>
      <datafield tag="300" ind1=" " ind2=" ">
         <subfield code="a">xix, 579 pages ;</subfield>
         <subfield code="c">25 cm.</subfield>
      </datafield>
      <datafield tag="336" ind1=" " ind2=" ">
         <subfield code="a">text</subfield>
         <subfield code="b">txt</subfield>
         <subfield code="2">rdacontent</subfield>
      </datafield>
      <datafield tag="337" ind1=" " ind2=" ">
         <subfield code="a">unmediated</subfield>
         <subfield code="b">n</subfield>
         <subfield code="2">rdamedia</subfield>
      </datafield>
      <datafield tag="338" ind1=" " ind2=" ">
         <subfield code="a">volume</subfield>
         <subfield code="b">nc</subfield>
         <subfield code="2">rdacarrier</subfield>
      </datafield>
      <datafield tag="490" ind1="1" ind2=" ">
         <subfield code="a">The Worlds of Eastern Christianity, 300-1500 ;</subfield>
         <subfield code="v">volume 6</subfield>
      </datafield>
      <datafield tag="504" ind1=" " ind2=" ">
         <subfield code="a">Includes bibliographical references and index.</subfield>
      </datafield>
      <datafield tag="505" ind1="0" ind2="0">
         <subfield code="g">Introduction.</subfield>
         <subfield code="t">The social presence of Greek in Eastern Christianity, 200-1200 CE.</subfield>
         <subfield code="t">Sextus Julius Africanus and the Roman Near East in the third century /</subfield>
         <subfield code="r">William Adler --</subfield>
         <subfield code="t">Ethnic identity in the Roman Near East, AD 325-450: language, religion, and culture /</subfield>
         <subfield code="r">Fergus Millar --</subfield>
         <subfield code="t">Bilingualism and diglossia in late antique Syria and Mesopotamia /</subfield>
         <subfield code="r">David Taylor --</subfield>
         <subfield code="t">At the desk of a man of letters: literate practices in Byzantine Egypt according to the Dossier of Dioscorus of Aphrodite /</subfield>
         <subfield code="r">Jean-Luc Fournet --</subfield>
         <subfield code="t">Dioscorus and the question of bilingualism in sixth-century Egypt /</subfield>
         <subfield code="r">Arietta Papaconstantinou --</subfield>
         <subfield code="r">Palestinian hagiography and the reception of the Council of Chalcedon /</subfield>
         <subfield code="r">Bernard Flusin --</subfield>
         <subfield code="t">The Christian schools of Palestine: a chapter in literary history /</subfield>
         <subfield code="r">Glanville Downey --</subfield>
         <subfield code="t">Embellishing the steps: elements of presentation and style in The Heavenly Ladder of John Climacus /</subfield>
         <subfield code="r">John Duffy --</subfield>
         <subfield code="t">The works of Anastasius of Sinai: a key source for the history of seventh-century East Mediterranean society and belief /</subfield>
         <subfield code="r">John Haldon --</subfield>
         <subfield code="t">Greek literature in Palestine in the eighth century /</subfield>
         <subfield code="r">Robert Pierpont Blake --</subfield>
         <subfield code="t">Greek culture in Palestine after the Arab conquest /</subfield>
         <subfield code="r">Cyril Mango --</subfield>
         <subfield code="t">Some reflections on the continuity of Greek culture in the East in the seventh and eighth centuries /</subfield>
         <subfield code="r">Guglielmo Cavallo --</subfield>
         <subfield code="t">From Palestine to Constantinople (eighth-ninth centuries): Stephen the Sabaite and John of Damascus /</subfield>
         <subfield code="r">Marie-France Auzépy --</subfield>
         <subfield code="t">The Life of Theodore of Edessa: history, hagiography, and religious apologetics in Mar Saba monastery in early Abbasid times /</subfield>
         <subfield code="r">Sidney Griffith --</subfield>
         <subfield code="t">Why did Arabic succeed where Greek failed? Language change in the Near East after Muhammad /</subfield>
         <subfield code="r">David Wasserstein --</subfield>
         <subfield code="t">From Arabic to Greek, then to Georgian: a life of Saint John of Damascus /</subfield>
         <subfield code="r">Bernard Flusin --</subfield>
      </datafield>
      <datafield tag="505" ind1="8" ind2="0">
         <subfield code="t">Greek - Syriac - Arabic: the relationship between liturgical and colloquial languages in Melkite Palestine in the twelfth and thirteenth centuries /</subfield>
         <subfield code="r">Johannes Pahlitzsch --</subfield>
         <subfield code="t">The liturgy of the Melkite Patriarchs from 969 to 1300 /</subfield>
         <subfield code="r">Joseph Nasrallah --</subfield>
         <subfield code="t">Byzantium's place in the debate over Orientalism /</subfield>
         <subfield code="r">Averil Cameron.</subfield>
      </datafield>
      <datafield tag="520" ind1="8" ind2=" ">
         <subfield code="a">This volume brings together a set of fundamental contributions, many translated into English for this publication, along with an important introduction. Together these explore the role of Greek among Christian communities in the late antique and Byzantine East (late Roman Oriens), specifically in the areas outside of the immediate sway of Constantinople and imperial Asia Minor. The local identities based around indigenous eastern Christian languages (Syriac, Coptic, Armenian, Georgian, etc.) and post-Chalcedonian doctrinal confessions (Miaphysite, Church of the East, Melkite, Maronite) were solidifying precisely as the Byzantine polity in the East was extinguished by the Arab conquests of the seventh century. In this multilayered cultural environment, Greek was a common social touchstone for all of these Christian communities, not only because of the shared Greek heritage of the early Church, but also because of the continued value of Greek theological, hagiographical, and liturgical writings.</subfield>
      </datafield>
      <datafield tag="650" ind1=" " ind2="0">
         <subfield code="a">Christian literature, Early</subfield>
         <subfield code="x">Greek authors</subfield>
         <subfield code="x">History and criticism.</subfield>
      </datafield>
      <datafield tag="650" ind1=" " ind2="0">
         <subfield code="a">Eastern churches</subfield>
         <subfield code="x">History.</subfield>
      </datafield>
      <datafield tag="700" ind1="1" ind2=" ">
         <subfield code="a">Johnson, Scott Fitzgerald,</subfield>
         <subfield code="d">1976-</subfield>
         <subfield code="e">editor.</subfield>
      </datafield>
      <datafield tag="830" ind1=" " ind2="0">
         <subfield code="a">Worlds of Eastern Christianity, 300-1500 ;</subfield>
         <subfield code="v">v. 6.</subfield>
      </datafield>
      <datafield tag="OWN" ind1=" " ind2=" ">
         <subfield code="a">GENERAL</subfield>
      </datafield>
      <datafield tag="980" ind1=" " ind2=" ">
         <subfield code="a">20150324</subfield>
         <subfield code="b">209.18</subfield>
         <subfield code="e">192.45</subfield>
         <subfield code="f">617297</subfield>
         <subfield code="g">1</subfield>
      </datafield>
      <datafield tag="981" ind1=" " ind2=" ">
         <subfield code="c">BMAIN</subfield>
      </datafield>
      <datafield tag="982" ind1=" " ind2=" ">
         <subfield code="a">99962031065</subfield>
         <subfield code="b">203066</subfield>
      </datafield>
      <datafield tag="986" ind1=" " ind2=" ">
         <subfield code="a">100602439</subfield>
      </datafield>
      <datafield tag="AVA" ind1=" " ind2=" ">
         <subfield code="a">NYU50</subfield>
         <subfield code="b">BOBST</subfield>
         <subfield code="c">Main Collection</subfield>
         <subfield code="e">unavailable</subfield>
         <subfield code="t">Unavailable</subfield>
         <subfield code="f">1</subfield>
         <subfield code="g">1</subfield>
         <subfield code="h">N</subfield>
         <subfield code="i">0</subfield>
         <subfield code="j">MAIN</subfield>
         <subfield code="k">0</subfield>
      </datafield>
      <datafield tag="AVA" ind1=" " ind2=" ">
         <subfield code="a">NYU50</subfield>
         <subfield code="b">NISAW</subfield>
         <subfield code="c">Small Collection</subfield>
         <subfield code="d">BX103.3 .L36 2015</subfield>
         <subfield code="e">available</subfield>
         <subfield code="t">Available</subfield>
         <subfield code="f">1</subfield>
         <subfield code="g">0</subfield>
         <subfield code="h">N</subfield>
         <subfield code="i">0</subfield>
         <subfield code="j">SMALL</subfield>
         <subfield code="k">0</subfield>
      </datafield>
      <marc:datafield tag="852" ind1=" " ind2=" ">
         <marc:subfield code="b">Institute for the Study of the Ancient World, </marc:subfield>
         <marc:subfield code="c">Small Collection</marc:subfield>
         <marc:subfield code="e">15 East 84th St., </marc:subfield>
         <marc:subfield code="e">New York, NY  10028</marc:subfield>
      </marc:datafield>
   </record>