
  
  
  
  
  
 
  
  <record xsi:schemaLocation="http://www.loc.gov/MARC21/slim http://www.loc.gov/standards/marcxml/schema/MARC21slim.xsd">
      <leader>00000cam  2200685 a 4500</leader>
      <controlfield tag="FMT">BK</controlfield>
      <controlfield tag="LDR">00000cam  2200685 a 4500</controlfield>
      <controlfield tag="001">004125112</controlfield>
      <controlfield tag="003">OCoLC</controlfield>
      <controlfield tag="005">20150401111611.0</controlfield>
      <controlfield tag="008">150401s1989    gw ab    bm   001 0 ger d</controlfield>
      <datafield tag="015" ind1=" " ind2=" ">
         <subfield code="a">89,A23,0199</subfield>
         <subfield code="2">dnb</subfield>
      </datafield>
      <datafield tag="015" ind1=" " ind2=" ">
         <subfield code="a">89N090592</subfield>
         <subfield code="2">dnb</subfield>
      </datafield>
      <datafield tag="016" ind1="7" ind2=" ">
         <subfield code="a">890412049</subfield>
         <subfield code="2">DE-101</subfield>
      </datafield>
      <datafield tag="016" ind1="7" ind2=" ">
         <subfield code="a">011211735</subfield>
         <subfield code="2">Uk</subfield>
      </datafield>
      <datafield tag="020" ind1=" " ind2=" ">
         <subfield code="a">3161454227</subfield>
      </datafield>
      <datafield tag="020" ind1=" " ind2=" ">
         <subfield code="a">9783161454226</subfield>
      </datafield>
      <datafield tag="035" ind1=" " ind2=" ">
         <subfield code="a">(OCoLC)19949452</subfield>
         <subfield code="z">(OCoLC)20111558</subfield>
      </datafield>
      <datafield tag="040" ind1=" " ind2=" ">
         <subfield code="a">UTS</subfield>
         <subfield code="b">eng</subfield>
         <subfield code="c">UTS</subfield>
         <subfield code="d">VUT</subfield>
         <subfield code="d">OCL</subfield>
         <subfield code="d">OCLCQ</subfield>
         <subfield code="d">BAKER</subfield>
         <subfield code="d">OCLCG</subfield>
         <subfield code="d">GBVCP</subfield>
         <subfield code="d">HEBIS</subfield>
         <subfield code="d">OCLCQ</subfield>
         <subfield code="d">Z@L</subfield>
         <subfield code="d">UKMGB</subfield>
         <subfield code="d">OCLCO</subfield>
         <subfield code="d">OCLCF</subfield>
         <subfield code="d">OCLCQ</subfield>
         <subfield code="d">OCLCO</subfield>
         <subfield code="d">OCL</subfield>
         <subfield code="d">NNU</subfield>
      </datafield>
      <datafield tag="043" ind1=" " ind2=" ">
         <subfield code="a">e-it---</subfield>
      </datafield>
      <datafield tag="045" ind1=" " ind2=" ">
         <subfield code="a">e-f-</subfield>
      </datafield>
      <datafield tag="050" ind1=" " ind2="4">
         <subfield code="a">BR878.R7</subfield>
         <subfield code="b">L3 1989</subfield>
      </datafield>
      <datafield tag="082" ind1="0" ind2="4">
         <subfield code="a">270.1</subfield>
         <subfield code="2">20</subfield>
      </datafield>
      <datafield tag="084" ind1=" " ind2=" ">
         <subfield code="a">11.51</subfield>
         <subfield code="2">bcl</subfield>
      </datafield>
      <datafield tag="084" ind1=" " ind2=" ">
         <subfield code="a">12</subfield>
         <subfield code="a">64</subfield>
         <subfield code="2">sdnb</subfield>
      </datafield>
      <datafield tag="100" ind1="1" ind2=" ">
         <subfield code="a">Lampe, Peter,</subfield>
         <subfield code="d">1954-</subfield>
      </datafield>
      <datafield tag="245" ind1="1" ind2="4">
         <subfield code="a">Die stadtrömischen Christen in den ersten beiden Jahrhunderten :</subfield>
         <subfield code="b">Untersuchungen zur Sozialgeschichte /</subfield>
         <subfield code="c">von Peter Lampe.</subfield>
      </datafield>
      <datafield tag="250" ind1=" " ind2=" ">
         <subfield code="a">2. Aufl., überarbeitet und ergänzt.</subfield>
      </datafield>
      <datafield tag="260" ind1=" " ind2=" ">
         <subfield code="a">Tübingen :</subfield>
         <subfield code="b">J.C.B. Mohr (Paul Siebeck),</subfield>
         <subfield code="c">1989.</subfield>
      </datafield>
      <datafield tag="300" ind1=" " ind2=" ">
         <subfield code="a">XII, 457 pages :</subfield>
         <subfield code="b">illustrations (some folded) ;</subfield>
         <subfield code="c">24 cm.</subfield>
      </datafield>
      <datafield tag="336" ind1=" " ind2=" ">
         <subfield code="a">text</subfield>
         <subfield code="b">txt</subfield>
         <subfield code="2">rdacontent</subfield>
      </datafield>
      <datafield tag="337" ind1=" " ind2=" ">
         <subfield code="a">unmediated</subfield>
         <subfield code="b">n</subfield>
         <subfield code="2">rdamedia</subfield>
      </datafield>
      <datafield tag="338" ind1=" " ind2=" ">
         <subfield code="a">volume</subfield>
         <subfield code="b">nc</subfield>
         <subfield code="2">rdacarrier</subfield>
      </datafield>
      <datafield tag="490" ind1="1" ind2=" ">
         <subfield code="a">Wissenschaftliche Untersuchungen zum Neuen Testament. 2. Reihe ;</subfield>
         <subfield code="v">18</subfield>
      </datafield>
      <datafield tag="500" ind1=" " ind2=" ">
         <subfield code="a">ISAW copy is from the Library of Pieter Sijpesteijn.</subfield>
         <subfield code="5">NNU</subfield>
      </datafield>
      <datafield tag="502" ind1=" " ind2=" ">
         <subfield code="b">Ph. D.</subfield>
         <subfield code="c">Evangelisch-Theologische Fakultät der Universität Bern</subfield>
         <subfield code="d">1983</subfield>
      </datafield>
      <datafield tag="504" ind1=" " ind2=" ">
         <subfield code="a">Includes bibliographical references (pages 369-400).</subfield>
      </datafield>
      <datafield tag="504" ind1=" " ind2=" ">
         <subfield code="a">Includes bibliographical references and indexes.</subfield>
      </datafield>
      <datafield tag="651" ind1=" " ind2="0">
         <subfield code="a">Rome (Italy)</subfield>
         <subfield code="x">Social life and customs.</subfield>
      </datafield>
      <datafield tag="651" ind1=" " ind2="0">
         <subfield code="a">Rome (Italy)</subfield>
         <subfield code="x">Church history.</subfield>
      </datafield>
      <datafield tag="650" ind1=" " ind2="0">
         <subfield code="a">Church history</subfield>
         <subfield code="y">Primitive and early church, ca. 30-600.</subfield>
      </datafield>
      <datafield tag="650" ind1=" " ind2="7">
         <subfield code="a">Church history</subfield>
         <subfield code="x">Primitive and early church.</subfield>
         <subfield code="2">fast</subfield>
         <subfield code="0">(OCoLC)fst01710945</subfield>
      </datafield>
      <datafield tag="650" ind1=" " ind2="7">
         <subfield code="a">Manners and customs.</subfield>
         <subfield code="2">fast</subfield>
         <subfield code="0">(OCoLC)fst01007815</subfield>
      </datafield>
      <datafield tag="651" ind1=" " ind2="7">
         <subfield code="a">Italy</subfield>
         <subfield code="z">Rome.</subfield>
         <subfield code="2">fast</subfield>
         <subfield code="0">(OCoLC)fst01204500</subfield>
      </datafield>
      <datafield tag="650" ind1="0" ind2="7">
         <subfield code="a">Christ.</subfield>
         <subfield code="2">swd</subfield>
      </datafield>
      <datafield tag="651" ind1=" " ind2="7">
         <subfield code="a">Rom.</subfield>
         <subfield code="2">swd</subfield>
      </datafield>
      <datafield tag="648" ind1=" " ind2="7">
         <subfield code="a">30 - 600</subfield>
         <subfield code="2">fast</subfield>
      </datafield>
      <datafield tag="655" ind1=" " ind2="7">
         <subfield code="a">Church history.</subfield>
         <subfield code="2">fast</subfield>
         <subfield code="0">(OCoLC)fst01411629</subfield>
      </datafield>
      <datafield tag="796" ind1="1" ind2=" ">
         <subfield code="a">Sijpesteijn, P. J.,</subfield>
         <subfield code="e">former owner.</subfield>
      </datafield>
      <datafield tag="797" ind1="2" ind2=" ">
         <subfield code="a">Sijpesteijn Collection.</subfield>
      </datafield>
      <datafield tag="830" ind1=" " ind2="0">
         <subfield code="a">Wissenschaftliche Untersuchungen zum Neuen Testament.</subfield>
         <subfield code="n">2. Reihe ;</subfield>
         <subfield code="v">18.</subfield>
      </datafield>
      <datafield tag="994" ind1=" " ind2=" ">
         <subfield code="a">Z0</subfield>
         <subfield code="b">ZYU</subfield>
      </datafield>
      <datafield tag="OWN" ind1=" " ind2=" ">
         <subfield code="a">GENERAL</subfield>
      </datafield>
      <datafield tag="AVA" ind1=" " ind2=" ">
         <subfield code="a">NYU50</subfield>
         <subfield code="b">NISAW</subfield>
         <subfield code="c">Small Collection</subfield>
         <subfield code="d">BR878.R7 L3 1989</subfield>
         <subfield code="e">available</subfield>
         <subfield code="t">Available</subfield>
         <subfield code="f">1</subfield>
         <subfield code="g">0</subfield>
         <subfield code="h">N</subfield>
         <subfield code="i">0</subfield>
         <subfield code="j">SMALL</subfield>
         <subfield code="k">0</subfield>
      </datafield>
      <marc:datafield tag="852" ind1=" " ind2=" ">
         <marc:subfield code="b">Institute for the Study of the Ancient World, </marc:subfield>
         <marc:subfield code="c">Small Collection</marc:subfield>
         <marc:subfield code="e">15 East 84th St., </marc:subfield>
         <marc:subfield code="e">New York, NY  10028</marc:subfield>
      </marc:datafield>
   </record>