
  
  
  
  
  
  
 
  
  <record xsi:schemaLocation="http://www.loc.gov/MARC21/slim http://www.loc.gov/standards/marcxml/schema/MARC21slim.xsd">
      <leader>00000cam  2200529 a 4500</leader>
      <controlfield tag="FMT">BK</controlfield>
      <controlfield tag="LDR">00000cam  2200529 a 4500</controlfield>
      <controlfield tag="001">004126616</controlfield>
      <controlfield tag="003">OCoLC</controlfield>
      <controlfield tag="005">20150406142931.0</controlfield>
      <controlfield tag="008">150406s2012    gw a     b    011 0 ger c</controlfield>
      <datafield tag="016" ind1="7" ind2=" ">
         <subfield code="a">016707220</subfield>
         <subfield code="2">Uk</subfield>
      </datafield>
      <datafield tag="020" ind1=" " ind2=" ">
         <subfield code="a">9783939526186 (pbk.)</subfield>
      </datafield>
      <datafield tag="020" ind1=" " ind2=" ">
         <subfield code="a">3939526185 (pbk.)</subfield>
      </datafield>
      <datafield tag="035" ind1=" " ind2=" ">
         <subfield code="a">(OCoLC)808016896</subfield>
      </datafield>
      <datafield tag="040" ind1=" " ind2=" ">
         <subfield code="a">NOC</subfield>
         <subfield code="b">eng</subfield>
         <subfield code="c">NOC</subfield>
         <subfield code="d">UKMGB</subfield>
         <subfield code="d">OHX</subfield>
         <subfield code="d">OCLCF</subfield>
         <subfield code="d">HEBIS</subfield>
         <subfield code="d">NNU</subfield>
      </datafield>
      <datafield tag="042" ind1=" " ind2=" ">
         <subfield code="a">pcc</subfield>
      </datafield>
      <datafield tag="043" ind1=" " ind2=" ">
         <subfield code="a">e-gr---</subfield>
         <subfield code="a">e------</subfield>
         <subfield code="a">aw-----</subfield>
         <subfield code="a">ff-----</subfield>
      </datafield>
      <datafield tag="050" ind1=" " ind2="4">
         <subfield code="a">DE3</subfield>
         <subfield code="b">.Z95 2012</subfield>
      </datafield>
      <datafield tag="072" ind1=" " ind2="7">
         <subfield code="a">DE</subfield>
         <subfield code="2">lcco</subfield>
      </datafield>
      <datafield tag="245" ind1="0" ind2="0">
         <subfield code="a">Zwischen Antike und Moderne :</subfield>
         <subfield code="b">Festschrift für Jürgen Malitz zum 65. Geburtstag, dargebracht von Kollegen, Freunden, Schülern und Weggefährten /</subfield>
         <subfield code="c">Andreas Hartmann und Gregor Weber (Hg.).</subfield>
      </datafield>
      <datafield tag="260" ind1=" " ind2=" ">
         <subfield code="a">Speyer :</subfield>
         <subfield code="b">Kartoffeldruck-Verlag Kai Brodersen,</subfield>
         <subfield code="c">2012.</subfield>
      </datafield>
      <datafield tag="300" ind1=" " ind2=" ">
         <subfield code="a">286 p. :</subfield>
         <subfield code="b">ill. ;</subfield>
         <subfield code="c">22 cm.</subfield>
      </datafield>
      <datafield tag="504" ind1=" " ind2=" ">
         <subfield code="a">"Schriftenverzeichnis Jürgen Malitz": p. [7]-10.</subfield>
      </datafield>
      <datafield tag="504" ind1=" " ind2=" ">
         <subfield code="a">Includes bibliographical references and index.</subfield>
      </datafield>
      <datafield tag="505" ind1="0" ind2="0">
         <subfield code="t">ConcEyst, GBD und NBE : drei Computerprojekte am Eichstätter Lehrstuhl für Alte Geschichte /</subfield>
         <subfield code="r">Jürgen Malitz --</subfield>
         <subfield code="t">Caesar im Bellum Hispaniense /</subfield>
         <subfield code="r">Hans Jürgen Tschiedel --</subfield>
         <subfield code="t">Zeit ist Geld : Kalendermanipulation und die ökonomische Bedeutung des Schaltmonats /</subfield>
         <subfield code="r">Roland Färber --</subfield>
         <subfield code="t">Archäologie des leeren Raumes : zur Rolle des Experimentes bei der Erforschung antiker Werkstätten /</subfield>
         <subfield code="r">Gerhard Zimmer --</subfield>
         <subfield code="t">Mächtige Könige und mächtige Priester? Kommunkation und Legitimation im ptolemäischen Ägypten /</subfield>
         <subfield code="r">Gregor Weber --</subfield>
         <subfield code="t">Judenhass und Märtyrertum : zum kulturgeschichtlichen Kontext der Acta Alexandrinorum /</subfield>
         <subfield code="r">Andreas Hartmann --</subfield>
         <subfield code="t">Der Kult des Antinoos und die Stadt Antinoupolis in Ägypten : Beiträge aus der Sicht eines Ägyptologen /</subfield>
         <subfield code="r">Erhart Graefe --</subfield>
         <subfield code="t">Caesarea Maritima : eine römische Stadt? /</subfield>
         <subfield code="r">Werner Eck --</subfield>
         <subfield code="t">Alfred Heuss und Theodor Mommsen : ein lebenslanger Dialog /</subfield>
         <subfield code="r">Uwe Walter.</subfield>
      </datafield>
      <datafield tag="650" ind1=" " ind2="0">
         <subfield code="a">Civilization, Classical.</subfield>
      </datafield>
      <datafield tag="651" ind1=" " ind2="0">
         <subfield code="a">Greece</subfield>
         <subfield code="x">History.</subfield>
      </datafield>
      <datafield tag="651" ind1=" " ind2="0">
         <subfield code="a">Rome</subfield>
         <subfield code="x">History.</subfield>
      </datafield>
      <datafield tag="650" ind1=" " ind2="0">
         <subfield code="a">Classical antiquities</subfield>
         <subfield code="x">Databases.</subfield>
      </datafield>
      <datafield tag="650" ind1=" " ind2="7">
         <subfield code="a">Civilization, Classical.</subfield>
         <subfield code="2">fast</subfield>
         <subfield code="0">(OCoLC)fst00862996</subfield>
      </datafield>
      <datafield tag="650" ind1=" " ind2="7">
         <subfield code="a">Classical antiquities.</subfield>
         <subfield code="2">fast</subfield>
         <subfield code="0">(OCoLC)fst00863445</subfield>
      </datafield>
      <datafield tag="651" ind1=" " ind2="7">
         <subfield code="a">Greece.</subfield>
         <subfield code="2">fast</subfield>
         <subfield code="0">(OCoLC)fst01208380</subfield>
      </datafield>
      <datafield tag="651" ind1=" " ind2="7">
         <subfield code="a">Rome (Empire)</subfield>
         <subfield code="2">fast</subfield>
         <subfield code="0">(OCoLC)fst01204885</subfield>
      </datafield>
      <datafield tag="700" ind1="1" ind2=" ">
         <subfield code="a">Hartmann, Andreas</subfield>
         <subfield code="e">editor.</subfield>
      </datafield>
      <datafield tag="700" ind1="1" ind2=" ">
         <subfield code="a">Malitz, Jürgen</subfield>
         <subfield code="e">honoree.</subfield>
      </datafield>
      <datafield tag="700" ind1="1" ind2=" ">
         <subfield code="a">Weber, Gregor</subfield>
         <subfield code="e">editor.</subfield>
      </datafield>
      <datafield tag="994" ind1=" " ind2=" ">
         <subfield code="a">Z0</subfield>
         <subfield code="b">ZYU</subfield>
      </datafield>
      <datafield tag="OWN" ind1=" " ind2=" ">
         <subfield code="a">GENERAL</subfield>
      </datafield>
      <datafield tag="AVA" ind1=" " ind2=" ">
         <subfield code="a">NYU50</subfield>
         <subfield code="b">NISAW</subfield>
         <subfield code="c">Small Collection</subfield>
         <subfield code="d">DE3 .Z95 2012</subfield>
         <subfield code="e">available</subfield>
         <subfield code="t">Available</subfield>
         <subfield code="f">1</subfield>
         <subfield code="g">0</subfield>
         <subfield code="h">N</subfield>
         <subfield code="i">0</subfield>
         <subfield code="j">SMALL</subfield>
         <subfield code="k">0</subfield>
      </datafield>
      <marc:datafield tag="852" ind1=" " ind2=" ">
         <marc:subfield code="b">Institute for the Study of the Ancient World, </marc:subfield>
         <marc:subfield code="c">Small Collection</marc:subfield>
         <marc:subfield code="e">15 East 84th St., </marc:subfield>
         <marc:subfield code="e">New York, NY  10028</marc:subfield>
      </marc:datafield>
      <datafield tag="AVA" ind1=" " ind2=" ">
         <subfield code="a">NYU50</subfield>
         <subfield code="b">WEB</subfield>
         <subfield code="c">Internet Resources</subfield>
         <subfield code="d">DE3 .Z95 2012 Electronic access</subfield>
         <subfield code="e">check_holdings</subfield>
         <subfield code="t">Check Holdings</subfield>
         <subfield code="j">GENI</subfield>
         <subfield code="k">0</subfield>
      </datafield>
   </record>