
  
  
  
  
  
 
  
  <record xsi:schemaLocation="http://www.loc.gov/MARC21/slim http://www.loc.gov/standards/marcxml/schema/MARC21slim.xsd">
      <leader>00000cam  2200505 i 4500</leader>
      <controlfield tag="FMT">BK</controlfield>
      <controlfield tag="LDR">00000cam  2200505 i 4500</controlfield>
      <controlfield tag="001">004127671</controlfield>
      <controlfield tag="003">OCoLC</controlfield>
      <controlfield tag="005">20150410154925.0</controlfield>
      <controlfield tag="008">150410m20149999gw abe   b    000 0 ger</controlfield>
      <datafield tag="010" ind1=" " ind2=" ">
         <subfield code="a">2015379827</subfield>
      </datafield>
      <datafield tag="020" ind1=" " ind2=" ">
         <subfield code="a">9783774939028 (v. 1)</subfield>
      </datafield>
      <datafield tag="020" ind1=" " ind2=" ">
         <subfield code="a">3774939020 (v. 1)</subfield>
      </datafield>
      <datafield tag="035" ind1=" " ind2=" ">
         <subfield code="a">(OCoLC)899230413</subfield>
      </datafield>
      <datafield tag="040" ind1=" " ind2=" ">
         <subfield code="a">DLC</subfield>
         <subfield code="b">eng</subfield>
         <subfield code="e">rda</subfield>
         <subfield code="c">DLC</subfield>
         <subfield code="d">MZA</subfield>
         <subfield code="d">CGU</subfield>
         <subfield code="d">OCLCF</subfield>
         <subfield code="d">NNU</subfield>
      </datafield>
      <datafield tag="041" ind1="0" ind2=" ">
         <subfield code="a">ger</subfield>
         <subfield code="a">eng</subfield>
         <subfield code="b">eng</subfield>
         <subfield code="b">ger</subfield>
      </datafield>
      <datafield tag="042" ind1=" " ind2=" ">
         <subfield code="a">pcc</subfield>
      </datafield>
      <datafield tag="043" ind1=" " ind2=" ">
         <subfield code="a">a-tu---</subfield>
      </datafield>
      <datafield tag="050" ind1="0" ind2="0">
         <subfield code="a">DF221.T8</subfield>
         <subfield code="b">T72 2014</subfield>
      </datafield>
      <datafield tag="082" ind1="0" ind2="0">
         <subfield code="a">939/.21</subfield>
         <subfield code="2">23</subfield>
      </datafield>
      <datafield tag="245" ind1="0" ind2="0">
         <subfield code="a">Troia, 1987-2012 :</subfield>
         <subfield code="b">Grabungen und Forschungen /</subfield>
         <subfield code="c">herausgegeben von Ernst Pernicka, Charles Brian Rose und Peter Jablonka.</subfield>
      </datafield>
      <datafield tag="264" ind1=" " ind2="1">
         <subfield code="a">Bonn :</subfield>
         <subfield code="b">Verlag Dr Rudolf Habelt GmbH,</subfield>
         <subfield code="c">2014-</subfield>
      </datafield>
      <datafield tag="300" ind1=" " ind2=" ">
         <subfield code="a">volumes :</subfield>
         <subfield code="b">illustrations (some color), maps (some color), plans (some color) ;</subfield>
         <subfield code="c">31 cm.</subfield>
      </datafield>
      <datafield tag="336" ind1=" " ind2=" ">
         <subfield code="a">text</subfield>
         <subfield code="b">txt</subfield>
         <subfield code="2">rdacontent</subfield>
      </datafield>
      <datafield tag="336" ind1=" " ind2=" ">
         <subfield code="a">still image</subfield>
         <subfield code="b">sti</subfield>
         <subfield code="2">rdacontent</subfield>
      </datafield>
      <datafield tag="337" ind1=" " ind2=" ">
         <subfield code="a">unmediated</subfield>
         <subfield code="b">n</subfield>
         <subfield code="2">rdamedia</subfield>
      </datafield>
      <datafield tag="338" ind1=" " ind2=" ">
         <subfield code="a">volume</subfield>
         <subfield code="b">nc</subfield>
         <subfield code="2">rdacarrier</subfield>
      </datafield>
      <datafield tag="490" ind1="1" ind2=" ">
         <subfield code="a">Studia Troica Monographien ;</subfield>
         <subfield code="v">5</subfield>
      </datafield>
      <datafield tag="546" ind1=" " ind2=" ">
         <subfield code="a">German and English, with summaries in both languages.</subfield>
      </datafield>
      <datafield tag="504" ind1=" " ind2=" ">
         <subfield code="a">Includes bibliographical references.</subfield>
      </datafield>
      <datafield tag="500" ind1=" " ind2=" ">
         <subfield code="a">I. Forschungsgeschichte, Methoden und Landschaft (2 volumes)</subfield>
      </datafield>
      <datafield tag="505" ind1="1" ind2="0">
         <subfield code="g">I.</subfield>
         <subfield code="g">Teil 1.</subfield>
         <subfield code="t">Forschungsgeschichte.</subfield>
         <subfield code="t">Unterwegs nach Troia. Reisende in der Troas von Ruy González de Clavijo bis Heinrich Schliemann /</subfield>
         <subfield code="r">Rüstem Aslan --</subfield>
         <subfield code="t">The First Excavations at Troy : Brunton, Calvert and Schliemann /</subfield>
         <subfield code="r">Donald F. Easton --</subfield>
         <subfield code="t">Die Ausgrabungen in Troia unter Wilhelm Dörpfeld und Carl W. Blegen /</subfield>
         <subfield code="r">Diane Thumm-Doğrayan --</subfield>
         <subfield code="t">How Cincinnati returned to Troy /</subfield>
         <subfield code="r">Getzel M. Cohen --</subfield>
         <subfield code="t">Bronzezeitliche Archäologie in Troia seit 1987 /</subfield>
         <subfield code="r">Peter Jablonka --</subfield>
         <subfield code="t">Post-Bronze Age Excavations at Troy, 1988-2005 /</subfield>
         <subfield code="r">Charles Brian Rose.</subfield>
         <subfield code="t">Methoden und Strategien.</subfield>
         <subfield code="t">Archäologie und Vermessungstechnik.</subfield>
         <subfield code="t">Der Raum : Die Fundstelle und ihre geographische Lage /</subfield>
         <subfield code="r">Peter Jablonka --</subfield>
         <subfield code="t">Archäologischer Survey im Stadtgebiet von Troia /</subfield>
         <subfield code="r">Peter Jablonka --</subfield>
         <subfield code="t">Methoden der prähistorisch-archäologischen Ausgrabung und stratigraphischen Analyse in Troia /</subfield>
         <subfield code="r">Ralf Becks und Stephan W. E. Blum --</subfield>
         <subfield code="t">Die Vermessungsarbeiten in Troia seit 1987 /</subfield>
         <subfield code="r">Eberhard Messmer --</subfield>
         <subfield code="t">Die Bestimmung einer hochgenauen Höhenbezugsfläche (DFHBF) für Troia /</subfield>
         <subfield code="r">Matthias Cieslack.</subfield>
         <subfield code="t">Erhaltung und Präsentation.</subfield>
         <subfield code="t">Conservation and Presentation of the Site of Troy, 1988–2008 /</subfield>
         <subfield code="r">Elizabeth H. Riordan --</subfield>
         <subfield code="t">Archaeological Conservation /</subfield>
         <subfield code="r">Donna Strahan and Simone Korolnik.</subfield>
      </datafield>
      <datafield tag="505" ind1="8" ind2="0">
         <subfield code="g">Teil 2.</subfield>
         <subfield code="t">Methoden und Strategien.</subfield>
         <subfield code="t">Archäologische Untersuchungen am Fundmaterial.</subfield>
         <subfield code="t">Fundbearbeitung in Troia /</subfield>
         <subfield code="r">Diane Thumm-Doğrayan --</subfield>
         <subfield code="t">Post-Bronze Age Ceramic Data at Ilion, from In-Field Use to Digital Publication /</subfield>
         <subfield code="r">Billur Tekkök, John Wallrodt, Sebastian Heath --</subfield>
         <subfield code="t">Lithic Industry of Troy I–VII: Objectives and Methods of the Excavations 1987–2006 /</subfield>
         <subfield code="r">Ivan Gatsov, Petranka Nedelcheva.</subfield>
         <subfield code="t">Naturwissenschaftliche Methoden.</subfield>
         <subfield code="t">Archäobotanik /</subfield>
         <subfield code="r">Simone Riehl, Elena Marinova --</subfield>
         <subfield code="t">Paläoanthropologische Untersuchungen in Troia /</subfield>
         <subfield code="r">Henrike Kiesewetter --</subfield>
         <subfield code="t">Keramikanalysen in Troia /</subfield>
         <subfield code="r">Ernst Pernicka, Thorsten Schifer, Cornelia Schubert --</subfield>
         <subfield code="t">Geophysikalische Prospektion /</subfield>
         <subfield code="r">Norbert Blindow, Christian Hübner, Hans Günter Jansen --</subfield>
         <subfield code="t">Geoarchaeological Research at Troia and its Environs.</subfield>
         <subfield code="t">Die Troas: Untersuchungen zur Siedlungsgeschichte.</subfield>
         <subfield code="t">Landschafts- und Besiedlungsgeschichte.</subfield>
         <subfield code="t">Landschaftsgeschichte der Troas. Bioarchäologische Forschungen /</subfield>
         <subfield code="r">Simone Rieh, Elena Marinova, Hans-Peter Uerpmann --</subfield>
         <subfield code="t">Die Besiedlung der Troas vom Neolithikum bis zum Beginn der mittleren Bronzezeit: Chronologische Sequenz und Siedlungsstruktur /</subfield>
         <subfield code="r">Stephan W. E. Blum, Mariana Thate, Diane Thumm-Doğrayan --</subfield>
         <subfield code="t">Die Troas in der Mittel- und Spätbronzezeit /</subfield>
         <subfield code="r">Peter Pavúk, Cornelia Schubert --</subfield>
         <subfield code="t">Die Troas in osmanisch-türkischer Zeit /</subfield>
         <subfield code="r">Volker Höhfeld.</subfield>
         <subfield code="t">Einzelstudien zur Besiedlung der Troas.</subfield>
         <subfield code="t">Die Keramik der troadischen Fundorte Kumtepe IA, Beşik-Sivritepe und Çıplak Köyü im Kontext ihrer überregionalen Vergleichsfunde /</subfield>
         <subfield code="r">Utta Gabriel --</subfield>
         <subfield code="t">Anmerkungen zur Stratigraphie des Kumtepe. Die Ergebnisse der Grabungen in den Jahren 1994 und 1995 /</subfield>
         <subfield code="r">Jan-Krzysztof Bertram, Necmi Karul.</subfield>
      </datafield>
      <datafield tag="651" ind1=" " ind2="0">
         <subfield code="a">Troy (Extinct city)</subfield>
      </datafield>
      <datafield tag="650" ind1=" " ind2="0">
         <subfield code="a">Excavations (Archaeology)</subfield>
         <subfield code="z">Turkey</subfield>
         <subfield code="z">Troy (Extinct city).</subfield>
      </datafield>
      <datafield tag="650" ind1=" " ind2="7">
         <subfield code="a">Antiquities.</subfield>
         <subfield code="2">fast</subfield>
         <subfield code="0">(OCoLC)fst00810745</subfield>
      </datafield>
      <datafield tag="650" ind1=" " ind2="7">
         <subfield code="a">Excavations (Archaeology)</subfield>
         <subfield code="2">fast</subfield>
         <subfield code="0">(OCoLC)fst00917564</subfield>
      </datafield>
      <datafield tag="651" ind1=" " ind2="7">
         <subfield code="a">Turkey.</subfield>
         <subfield code="2">fast</subfield>
         <subfield code="0">(OCoLC)fst01208963</subfield>
      </datafield>
      <datafield tag="651" ind1=" " ind2="7">
         <subfield code="a">Turkey</subfield>
         <subfield code="z">Troy (Extinct city)</subfield>
         <subfield code="2">fast</subfield>
         <subfield code="0">(OCoLC)fst01896842</subfield>
      </datafield>
      <datafield tag="700" ind1="1" ind2=" ">
         <subfield code="a">Pernicka, Ernst</subfield>
         <subfield code="e">editor.</subfield>
      </datafield>
      <datafield tag="700" ind1="1" ind2=" ">
         <subfield code="a">Rose, Charles Brian</subfield>
         <subfield code="e">editor,</subfield>
         <subfield code="e">contributor.</subfield>
      </datafield>
      <datafield tag="700" ind1="1" ind2=" ">
         <subfield code="a">Jablonka, Peter</subfield>
         <subfield code="e">editor,</subfield>
         <subfield code="e">contributor.</subfield>
      </datafield>
      <datafield tag="700" ind1="1" ind2=" ">
         <subfield code="a">Aslan, Rüstem</subfield>
         <subfield code="e">contributor.</subfield>
      </datafield>
      <datafield tag="700" ind1="1" ind2=" ">
         <subfield code="a">Becks, Ralf,</subfield>
         <subfield code="d">1966-</subfield>
         <subfield code="e">contributor.</subfield>
      </datafield>
      <datafield tag="700" ind1="1" ind2=" ">
         <subfield code="a">Bertram, Jan-Krzysztof</subfield>
         <subfield code="e">contributor.</subfield>
      </datafield>
      <datafield tag="700" ind1="1" ind2=" ">
         <subfield code="a">Blindow, Norbert</subfield>
         <subfield code="e">contributor.</subfield>
      </datafield>
      <datafield tag="700" ind1="1" ind2=" ">
         <subfield code="a">Blum, Stephan W. E.</subfield>
         <subfield code="e">contributor.</subfield>
      </datafield>
      <datafield tag="700" ind1="1" ind2=" ">
         <subfield code="a">Cieslack, Matthias,</subfield>
         <subfield code="e">contributor.</subfield>
      </datafield>
      <datafield tag="700" ind1="1" ind2=" ">
         <subfield code="a">Cohen, Getzel M.</subfield>
         <subfield code="e">contributor.</subfield>
      </datafield>
      <datafield tag="700" ind1="1" ind2=" ">
         <subfield code="a">Easton, D. F.</subfield>
         <subfield code="q">(Donald F.)</subfield>
         <subfield code="e">contributor.</subfield>
      </datafield>
      <datafield tag="700" ind1="1" ind2=" ">
         <subfield code="a">Gatsov, I.</subfield>
         <subfield code="q">(Ivan)</subfield>
         <subfield code="e">contributor.</subfield>
      </datafield>
      <datafield tag="700" ind1="1" ind2=" ">
         <subfield code="a">Gabriel, Utta,</subfield>
         <subfield code="e">contributor.</subfield>
      </datafield>
      <datafield tag="700" ind1="1" ind2=" ">
         <subfield code="a">Heath, Sebastian,</subfield>
         <subfield code="d">1966-</subfield>
         <subfield code="e">contributor.</subfield>
      </datafield>
      <datafield tag="700" ind1="1" ind2=" ">
         <subfield code="a">Höhfeld, Volker</subfield>
         <subfield code="e">contributor.</subfield>
      </datafield>
      <datafield tag="700" ind1="1" ind2=" ">
         <subfield code="a">Hübner, Christian</subfield>
         <subfield code="c">(Geophysicist)</subfield>
         <subfield code="e">contributor.</subfield>
      </datafield>
      <datafield tag="700" ind1="1" ind2=" ">
         <subfield code="a">Jansen, Hans Günter,</subfield>
         <subfield code="e">contributor.</subfield>
      </datafield>
      <datafield tag="700" ind1="1" ind2=" ">
         <subfield code="a">Kayan, İ.</subfield>
         <subfield code="q">(İlhan)</subfield>
         <subfield code="e">contributor.</subfield>
      </datafield>
      <datafield tag="700" ind1="1" ind2=" ">
         <subfield code="a">Karul, Necmi</subfield>
         <subfield code="e">contributor.</subfield>
      </datafield>
      <datafield tag="700" ind1="1" ind2=" ">
         <subfield code="a">Kiesewetter, Henrike,</subfield>
         <subfield code="e">contributor.</subfield>
      </datafield>
      <datafield tag="700" ind1="1" ind2=" ">
         <subfield code="a">Korolnik, Simone,</subfield>
         <subfield code="e">contributor.</subfield>
      </datafield>
      <datafield tag="700" ind1="1" ind2=" ">
         <subfield code="a">Marinova, Elena</subfield>
         <subfield code="c">(Botanist)</subfield>
         <subfield code="e">contributor.</subfield>
      </datafield>
      <datafield tag="700" ind1="1" ind2=" ">
         <subfield code="a">Messmer, Eberhard,</subfield>
         <subfield code="e">contributor.</subfield>
      </datafield>
      <datafield tag="700" ind1="1" ind2=" ">
         <subfield code="a">Nedelcheva, Petranka,</subfield>
         <subfield code="e">contributor.</subfield>
      </datafield>
      <datafield tag="700" ind1="1" ind2=" ">
         <subfield code="a">Pavúk, Peter,</subfield>
         <subfield code="e">contributor.</subfield>
      </datafield>
      <datafield tag="700" ind1="1" ind2=" ">
         <subfield code="a">Riehl, Simone</subfield>
         <subfield code="e">contributor.</subfield>
      </datafield>
      <datafield tag="700" ind1="1" ind2=" ">
         <subfield code="a">Riorden, Elizabeth H.,</subfield>
         <subfield code="e">contributor.</subfield>
      </datafield>
      <datafield tag="700" ind1="1" ind2=" ">
         <subfield code="a">Schifer, Thorsten,</subfield>
         <subfield code="e">contributor.</subfield>
      </datafield>
      <datafield tag="700" ind1="1" ind2=" ">
         <subfield code="a">Schubert, Cornelia,</subfield>
         <subfield code="e">contributor.</subfield>
      </datafield>
      <datafield tag="700" ind1="1" ind2=" ">
         <subfield code="a">Strahan, Donna K.</subfield>
         <subfield code="e">contributor.</subfield>
      </datafield>
      <datafield tag="700" ind1="1" ind2=" ">
         <subfield code="a">Tekkök, Billur,</subfield>
         <subfield code="e">contributor.</subfield>
      </datafield>
      <datafield tag="700" ind1="1" ind2=" ">
         <subfield code="a">Thater, Mariana,</subfield>
         <subfield code="e">contributor.</subfield>
      </datafield>
      <datafield tag="700" ind1="1" ind2=" ">
         <subfield code="a">Thumm-Doğrayan, Diane,</subfield>
         <subfield code="e">contributor.</subfield>
      </datafield>
      <datafield tag="700" ind1="1" ind2=" ">
         <subfield code="a">Uerpmann, Hans-Peter,</subfield>
         <subfield code="d">1941-</subfield>
         <subfield code="e">contributor.</subfield>
      </datafield>
      <datafield tag="700" ind1="1" ind2=" ">
         <subfield code="a">Wallrodt, John,</subfield>
         <subfield code="e">contributor.</subfield>
      </datafield>
      <datafield tag="710" ind1="2" ind2=" ">
         <subfield code="a">Shelby White and Leon Levy Program for Archaeological Publications (Firm)</subfield>
         <subfield code="e">sponsor.</subfield>
      </datafield>
      <datafield tag="797" ind1="2" ind2=" ">
         <subfield code="a">WLP Collection.</subfield>
      </datafield>
      <datafield tag="797" ind1="2" ind2=" ">
         <subfield code="a">White Levy Program Collection.</subfield>
      </datafield>
      <datafield tag="830" ind1=" " ind2="0">
         <subfield code="a">Studia Troica Monographien ;</subfield>
         <subfield code="v">Bd. 5.</subfield>
      </datafield>
      <datafield tag="994" ind1=" " ind2=" ">
         <subfield code="a">Z0</subfield>
         <subfield code="b">ZYU</subfield>
      </datafield>
      <datafield tag="OWN" ind1=" " ind2=" ">
         <subfield code="a">GENERAL</subfield>
      </datafield>
      <datafield tag="AVA" ind1=" " ind2=" ">
         <subfield code="a">NYU50</subfield>
         <subfield code="b">NISAW</subfield>
         <subfield code="c">Large Collection</subfield>
         <subfield code="d">DF221.T8 T72 2014</subfield>
         <subfield code="e">available</subfield>
         <subfield code="t">Available</subfield>
         <subfield code="f">2</subfield>
         <subfield code="g">0</subfield>
         <subfield code="h">Y</subfield>
         <subfield code="i">0</subfield>
         <subfield code="j">LARGE</subfield>
         <subfield code="k">0</subfield>
      </datafield>
      <marc:datafield tag="852" ind1=" " ind2=" ">
         <marc:subfield code="b">Institute for the Study of the Ancient World, </marc:subfield>
         <marc:subfield code="c">Large Collection</marc:subfield>
         <marc:subfield code="e">15 East 84th St., </marc:subfield>
         <marc:subfield code="e">New York, NY  10028</marc:subfield>
      </marc:datafield>
   </record>