
  
  
  
  
  
 
  
  <record xsi:schemaLocation="http://www.loc.gov/MARC21/slim http://www.loc.gov/standards/marcxml/schema/MARC21slim.xsd">
      <leader>00000cam  2200349 a 4500</leader>
      <controlfield tag="FMT">BK</controlfield>
      <controlfield tag="LDR">00000cam  2200349 a 4500</controlfield>
      <controlfield tag="001">004128432</controlfield>
      <controlfield tag="003">OCoLC</controlfield>
      <controlfield tag="005">20150413103515.0</controlfield>
      <controlfield tag="008">150413s2014    be abe   b    100 0 eng d</controlfield>
      <datafield tag="020" ind1=" " ind2=" ">
         <subfield code="a">2503552439 (v.1)</subfield>
      </datafield>
      <datafield tag="020" ind1=" " ind2=" ">
         <subfield code="a">9782503552439 (v.1)</subfield>
      </datafield>
      <datafield tag="035" ind1=" " ind2=" ">
         <subfield code="a">(OCoLC)880965035</subfield>
      </datafield>
      <datafield tag="040" ind1=" " ind2=" ">
         <subfield code="a">YDXCP</subfield>
         <subfield code="b">eng</subfield>
         <subfield code="c">YDXCP</subfield>
         <subfield code="d">BTCTA</subfield>
         <subfield code="d">OCLCQ</subfield>
         <subfield code="d">ERASA</subfield>
         <subfield code="d">OCLCQ</subfield>
         <subfield code="d">JPG</subfield>
         <subfield code="d">NNU</subfield>
      </datafield>
      <datafield tag="043" ind1=" " ind2=" ">
         <subfield code="a">az-----</subfield>
      </datafield>
      <datafield tag="050" ind1=" " ind2="4">
         <subfield code="a">DS338</subfield>
         <subfield code="b">.A84 2010</subfield>
      </datafield>
      <datafield tag="110" ind1="2" ind2=" ">
         <subfield code="a">European Association of South Asian Archaeologists.</subfield>
         <subfield code="b">International Conference</subfield>
         <subfield code="n">(20th :</subfield>
         <subfield code="d">2010 :</subfield>
         <subfield code="c">University of Vienna)</subfield>
      </datafield>
      <datafield tag="245" ind1="1" ind2="0">
         <subfield code="a">South Asian archaeology and art :</subfield>
         <subfield code="b">papers from the 20th conference of the European Association for South Asian Archaeology and Art held in Vienna from 4th to 9th of July 2010 /</subfield>
         <subfield code="c">Deborah Klimburg-Salter &amp; Linda Lojda (eds.).</subfield>
      </datafield>
      <datafield tag="260" ind1=" " ind2=" ">
         <subfield code="a">Turnhout :</subfield>
         <subfield code="b">Brepols Publishers,</subfield>
         <subfield code="c">c2014.</subfield>
      </datafield>
      <datafield tag="300" ind1=" " ind2=" ">
         <subfield code="a">v. :</subfield>
         <subfield code="b">ill. (some col.), maps, plans ;</subfield>
         <subfield code="c">28 cm.</subfield>
      </datafield>
      <datafield tag="336" ind1=" " ind2=" ">
         <subfield code="a">text</subfield>
         <subfield code="b">txt</subfield>
         <subfield code="2">rdacontent</subfield>
      </datafield>
      <datafield tag="337" ind1=" " ind2=" ">
         <subfield code="a">unmediated</subfield>
         <subfield code="b">n</subfield>
         <subfield code="2">rdamedia</subfield>
      </datafield>
      <datafield tag="338" ind1=" " ind2=" ">
         <subfield code="a">volume</subfield>
         <subfield code="b">nc</subfield>
         <subfield code="2">rdacarrier</subfield>
      </datafield>
      <datafield tag="504" ind1=" " ind2=" ">
         <subfield code="a">Includes bibliographical references.</subfield>
      </datafield>
      <datafield tag="505" ind1="0" ind2="0">
         <subfield code="g">v. 1.</subfield>
         <subfield code="t">Changing forms and cultural identity : religious and secular iconographies.</subfield>
         <subfield code="t">Elephant goads and other marks on female figures in Bhārhut /</subfield>
         <subfield code="r">Basu, Chandreyi --</subfield>
         <subfield code="t">Terracotta relief from Ahicchattrā : sun barque, solar chariot or--? /</subfield>
         <subfield code="r">Frenger, Marion --</subfield>
         <subfield code="t">Maitreya and the past Buddhas : interactions between Gandhāra and northern India /</subfield>
         <subfield code="r">Behrendt, Kurt A. --</subfield>
         <subfield code="t">On the necessity of contextualisation : a Nagaradevatā and other semi-nude women in Gandhāran representations of the Buddha's life /</subfield>
         <subfield code="r">Juhel, Katia --</subfield>
         <subfield code="t">Ongoing studies of Bodhisattva imagery from greater Gandharā : turban ornamentation in the form of winged-lion plaques /</subfield>
         <subfield code="r">Schmidt, Carolyn Woodford --</subfield>
         <subfield code="t">Skanda in Gandharā : a Hindu god in a Buddhist environment? /</subfield>
         <subfield code="r">Southworth, Kirsten --</subfield>
         <subfield code="t">Non-Buddhist narrative scenes at Nagarjunakonda /</subfield>
         <subfield code="r">Zin, Monika --</subfield>
         <subfield code="t">Aṣṭamahābhaya Avalokiteśvara in the western Deccan : Buddhist patronage and trade between the fifth and sixth century CE /</subfield>
         <subfield code="r">Brancaccio, Pia --</subfield>
         <subfield code="t">Designing a new Hoysaḷa temple in Karnataka /</subfield>
         <subfield code="r">Hardy, Adam --</subfield>
         <subfield code="t">Magnificent Gupta terracotta Vāsudeva-Viṣṇu image from the David Nalin collection /</subfield>
         <subfield code="r">Bhattacharya, Gouriswar --</subfield>
         <subfield code="t">Hindu sculptures from Pāhārpur reconsidered /</subfield>
         <subfield code="r">Lefèvre, Vincent --</subfield>
         <subfield code="t">Ten illustrated leaves from a Pañcarakṣā manuscript in a private European collection /</subfield>
         <subfield code="r">Allinger, Eva --</subfield>
         <subfield code="t">Architecture as identity : architecture of the Bengal Sultanate /</subfield>
         <subfield code="r">Hasan, Perween --</subfield>
         <subfield code="t">Images of Ardhanārīśvara from Bengal and Nepal : a chronological survey /</subfield>
         <subfield code="r">Mevissen, Gerd J. R. --</subfield>
         <subfield code="t">Thirteenth and fourteenth century wall paintings in west Tibetan caves : style and iconography /</subfield>
         <subfield code="r">Neumann, Helmut F. --</subfield>
         <subfield code="r">Neumann, Heidi A. --</subfield>
      </datafield>
      <datafield tag="505" ind1="8" ind2="0">
         <subfield code="t">Magru Mahādeva Temple at Chhatri (distr. Mandi, Himachal Pradesh) : architectural and iconographical observations /</subfield>
         <subfield code="r">Juramie, Anne-Claire --</subfield>
         <subfield code="t">On a wall painting from Toplukdong site no. 1 in Domoko : new evidence of Vaiśravaṇa in Khotan? /</subfield>
         <subfield code="r">Forte, Erika --</subfield>
         <subfield code="t">New evidence on Sogdian painting from Uch Kulakh (Bukhara oasis, Uzbekistan) /</subfield>
         <subfield code="r">Muzio, Ciro Lo.</subfield>
      </datafield>
      <datafield tag="650" ind1=" " ind2="0">
         <subfield code="a">Art, South Asian</subfield>
         <subfield code="v">Congresses.</subfield>
      </datafield>
      <datafield tag="650" ind1=" " ind2="0">
         <subfield code="a">Excavations (Archaeology)</subfield>
         <subfield code="z">South Asia</subfield>
         <subfield code="v">Congresses.</subfield>
      </datafield>
      <datafield tag="651" ind1=" " ind2="0">
         <subfield code="a">South Asia</subfield>
         <subfield code="x">Antiquities</subfield>
         <subfield code="v">Congresses.</subfield>
      </datafield>
      <datafield tag="700" ind1="1" ind2=" ">
         <subfield code="a">Klimburg-Salter, Deborah E.</subfield>
      </datafield>
      <datafield tag="700" ind1="1" ind2=" ">
         <subfield code="a">Lojda, Linda.</subfield>
      </datafield>
      <datafield tag="994" ind1=" " ind2=" ">
         <subfield code="a">Z0</subfield>
         <subfield code="b">ZYU</subfield>
      </datafield>
      <datafield tag="OWN" ind1=" " ind2=" ">
         <subfield code="a">GENERAL</subfield>
      </datafield>
      <datafield tag="AVA" ind1=" " ind2=" ">
         <subfield code="a">NYU50</subfield>
         <subfield code="b">NISAW</subfield>
         <subfield code="c">Large Collection</subfield>
         <subfield code="d">DS338 .A84 2010</subfield>
         <subfield code="e">available</subfield>
         <subfield code="t">Available</subfield>
         <subfield code="f">1</subfield>
         <subfield code="g">0</subfield>
         <subfield code="h">Y</subfield>
         <subfield code="i">0</subfield>
         <subfield code="j">LARGE</subfield>
         <subfield code="k">0</subfield>
      </datafield>
      <marc:datafield tag="852" ind1=" " ind2=" ">
         <marc:subfield code="b">Institute for the Study of the Ancient World, </marc:subfield>
         <marc:subfield code="c">Large Collection</marc:subfield>
         <marc:subfield code="e">15 East 84th St., </marc:subfield>
         <marc:subfield code="e">New York, NY  10028</marc:subfield>
      </marc:datafield>
   </record>