
  
  
  
  
  
 
  
  <record xsi:schemaLocation="http://www.loc.gov/MARC21/slim http://www.loc.gov/standards/marcxml/schema/MARC21slim.xsd">
      <leader>00000nam a22      a 4500</leader>
      <controlfield tag="FMT">BK</controlfield>
      <controlfield tag="LDR">00000nam a22      a 4500</controlfield>
      <controlfield tag="001">003236816</controlfield>
      <controlfield tag="003">OCoLC</controlfield>
      <controlfield tag="005">20150414140144.0</controlfield>
      <controlfield tag="008">090527s2009    is a     b    001 0 heb d</controlfield>
      <datafield tag="020" ind1=" " ind2=" ">
         <subfield code="a">9789653429734</subfield>
      </datafield>
      <datafield tag="020" ind1=" " ind2=" ">
         <subfield code="a">9653429736</subfield>
      </datafield>
      <datafield tag="035" ind1=" " ind2=" ">
         <subfield code="a">(OCoLC)352874874</subfield>
      </datafield>
      <datafield tag="040" ind1=" " ind2=" ">
         <subfield code="a">YYP</subfield>
         <subfield code="c">YYP</subfield>
      </datafield>
      <datafield tag="090" ind1=" " ind2=" ">
         <subfield code="a">DS66</subfield>
         <subfield code="b">.S56 2009</subfield>
      </datafield>
      <datafield tag="100" ind1="1" ind2=" ">
         <subfield code="a">Singer, Itamar</subfield>
         <subfield code="6">880-01</subfield>
      </datafield>
      <datafield tag="245" ind1="1" ind2="3">
         <subfield code="6">880-02</subfield>
         <subfield code="a">ha-Ḥiṭim ṿe-tarbutam /</subfield>
         <subfield code="c">me-et Itamar Zinger.</subfield>
      </datafield>
      <datafield tag="246" ind1="1" ind2=" ">
         <subfield code="i">Tiltle on t.p. verso:</subfield>
         <subfield code="a">Hittites and their civilization</subfield>
      </datafield>
      <datafield tag="260" ind1=" " ind2=" ">
         <subfield code="6">880-03</subfield>
         <subfield code="a">Yerushalayim :</subfield>
         <subfield code="b">Mosad Byaliḳ :</subfield>
         <subfield code="b">Merkaz ha-hadrakhah le-sifriyot be-Yiśraʼel :</subfield>
         <subfield code="b">Miśrad ha-madaʻ, ha-tarbut ṿeha-sporṭ, Minhal ha-tarbut,</subfield>
         <subfield code="c">c2009.</subfield>
      </datafield>
      <datafield tag="300" ind1=" " ind2=" ">
         <subfield code="a">312 p., [16] p. of plates :</subfield>
         <subfield code="b">ill. ;</subfield>
         <subfield code="c">23 cm.</subfield>
      </datafield>
      <datafield tag="490" ind1="1" ind2=" ">
         <subfield code="6">880-04</subfield>
         <subfield code="a">Sifriyat ha-Entsiḳlopedyah ha-miḳraʼit ;</subfield>
         <subfield code="v">26</subfield>
      </datafield>
      <datafield tag="490" ind1="1" ind2=" ">
         <subfield code="6">880-05</subfield>
         <subfield code="a">Mifʻal le-targum sifre mofet</subfield>
      </datafield>
      <datafield tag="504" ind1=" " ind2=" ">
         <subfield code="a">Includes bibliographical references (p. [263]-295) and indexes.</subfield>
      </datafield>
      <datafield tag="500" ind1=" " ind2=" ">
         <subfield code="a">ISAW copy is from the Library of Hayim and Miriam Tadmor.</subfield>
         <subfield code="5">NNU</subfield>
      </datafield>
      <datafield tag="650" ind1=" " ind2="0">
         <subfield code="a">Hittites</subfield>
         <subfield code="x">Civilization.</subfield>
      </datafield>
      <datafield tag="796" ind1="1" ind2=" ">
         <subfield code="a">Tadmor, Hayim,</subfield>
         <subfield code="e">former owner.</subfield>
      </datafield>
      <datafield tag="796" ind1="1" ind2=" ">
         <subfield code="a">Tadmor, Miriam,</subfield>
         <subfield code="e">former owner.</subfield>
      </datafield>
      <datafield tag="797" ind1="2" ind2=" ">
         <subfield code="a">Tadmor Collection.</subfield>
      </datafield>
      <datafield tag="880" ind1="1" ind2=" ">
         <subfield code="6">100-01/</subfield>
         <subfield code="a">זינגר, איתמר.</subfield>
      </datafield>
      <datafield tag="880" ind1="1" ind2="1">
         <subfield code="6">245-02/</subfield>
         <subfield code="a">החתים ותרבותם /</subfield>
         <subfield code="c">מאת איתמר זינגר.</subfield>
      </datafield>
      <datafield tag="880" ind1=" " ind2=" ">
         <subfield code="6">260-03/</subfield>
         <subfield code="a">ירושלים :</subfield>
         <subfield code="b">מוסד ביאליק :</subfield>
         <subfield code="b">מרכז ההדרכה לספריות בישראל :</subfield>
         <subfield code="b">משרד המדע, התרבות והספורט, מנהל התרבות,</subfield>
         <subfield code="c">c2009.</subfield>
      </datafield>
      <datafield tag="880" ind1="1" ind2=" ">
         <subfield code="6">490-04/</subfield>
         <subfield code="a">ספריית האנציקלופדיה המקראית ;</subfield>
         <subfield code="v">26</subfield>
      </datafield>
      <datafield tag="880" ind1="1" ind2=" ">
         <subfield code="6">490-05/</subfield>
         <subfield code="a">מפעל לתרגום ספרי מופת</subfield>
      </datafield>
      <datafield tag="830" ind1=" " ind2="0">
         <subfield code="a">Mifʻal le-targum sifre mofet</subfield>
         <subfield code="6">880-06</subfield>
      </datafield>
      <datafield tag="880" ind1=" " ind2="0">
         <subfield code="6">830-06/</subfield>
         <subfield code="a">מפעל לתרגום ספרי מופת</subfield>
      </datafield>
      <datafield tag="830" ind1=" " ind2="0">
         <subfield code="6">880-07</subfield>
         <subfield code="a">Sifriyat ha-Entsiḳlopedyah ha-Miḳraʼit.</subfield>
      </datafield>
      <datafield tag="880" ind1=" " ind2="0">
         <subfield code="6">830-07/</subfield>
         <subfield code="a">ספריית האנציקלופדיה המקראית</subfield>
      </datafield>
      <datafield tag="OWN" ind1=" " ind2=" ">
         <subfield code="a">GENERAL</subfield>
      </datafield>
      <datafield tag="AVA" ind1=" " ind2=" ">
         <subfield code="a">NYU50</subfield>
         <subfield code="b">BOBST</subfield>
         <subfield code="c">Main Collection</subfield>
         <subfield code="d">DS66 .S56 2009</subfield>
         <subfield code="e">available</subfield>
         <subfield code="t">Available</subfield>
         <subfield code="f">1</subfield>
         <subfield code="g">0</subfield>
         <subfield code="h">N</subfield>
         <subfield code="i">1</subfield>
         <subfield code="j">MAIN</subfield>
         <subfield code="k">0</subfield>
      </datafield>
      <datafield tag="AVA" ind1=" " ind2=" ">
         <subfield code="a">NYU50</subfield>
         <subfield code="b">NISAW</subfield>
         <subfield code="c">Small Collection</subfield>
         <subfield code="d">DS66 .S56 2009</subfield>
         <subfield code="e">available</subfield>
         <subfield code="t">Available</subfield>
         <subfield code="f">1</subfield>
         <subfield code="g">0</subfield>
         <subfield code="h">N</subfield>
         <subfield code="i">0</subfield>
         <subfield code="j">SMALL</subfield>
         <subfield code="k">0</subfield>
      </datafield>
      <marc:datafield tag="852" ind1=" " ind2=" ">
         <marc:subfield code="b">Institute for the Study of the Ancient World, </marc:subfield>
         <marc:subfield code="c">Small Collection</marc:subfield>
         <marc:subfield code="e">15 East 84th St., </marc:subfield>
         <marc:subfield code="e">New York, NY  10028</marc:subfield>
      </marc:datafield>
   </record>