
  
  
  
  
  
  
 
  
  <record xsi:schemaLocation="http://www.loc.gov/MARC21/slim http://www.loc.gov/standards/marcxml/schema/MARC21slim.xsd">
      <leader>00000cam  2200745 i 4500</leader>
      <controlfield tag="FMT">BK</controlfield>
      <controlfield tag="LDR">00000cam  2200745 i 4500</controlfield>
      <controlfield tag="001">004128902</controlfield>
      <controlfield tag="003">OCoLC</controlfield>
      <controlfield tag="005">20150414154844.0</controlfield>
      <controlfield tag="008">150414t19751975be af    b   f010 0 fre</controlfield>
      <datafield tag="010" ind1=" " ind2=" ">
         <subfield code="a">76466054</subfield>
      </datafield>
      <datafield tag="015" ind1=" " ind2=" ">
         <subfield code="a">Be***</subfield>
      </datafield>
      <datafield tag="020" ind1=" " ind2=" ">
         <subfield code="a">2800406151</subfield>
      </datafield>
      <datafield tag="020" ind1=" " ind2=" ">
         <subfield code="a">9782800406152</subfield>
      </datafield>
      <datafield tag="035" ind1=" " ind2=" ">
         <subfield code="a">(OCoLC)2378410</subfield>
         <subfield code="z">(OCoLC)2508388</subfield>
         <subfield code="z">(OCoLC)6694505</subfield>
      </datafield>
      <datafield tag="040" ind1=" " ind2=" ">
         <subfield code="a">DLC</subfield>
         <subfield code="b">eng</subfield>
         <subfield code="e">rda</subfield>
         <subfield code="c">DLC</subfield>
         <subfield code="d">MUQ</subfield>
         <subfield code="d">GEBAY</subfield>
         <subfield code="d">EUM</subfield>
         <subfield code="d">GBVCP</subfield>
         <subfield code="d">OCLCO</subfield>
         <subfield code="d">OCLCF</subfield>
         <subfield code="d">OCLCQ</subfield>
         <subfield code="d">NNU</subfield>
      </datafield>
      <datafield tag="041" ind1="0" ind2=" ">
         <subfield code="a">fre</subfield>
         <subfield code="a">eng</subfield>
         <subfield code="a">ger</subfield>
         <subfield code="a">ita</subfield>
      </datafield>
      <datafield tag="043" ind1=" " ind2=" ">
         <subfield code="a">e-gr---</subfield>
      </datafield>
      <datafield tag="050" ind1="0" ind2="0">
         <subfield code="a">DF13</subfield>
         <subfield code="b">.M66</subfield>
      </datafield>
      <datafield tag="082" ind1="0" ind2="0">
         <subfield code="a">949.5</subfield>
      </datafield>
      <datafield tag="245" ind1="0" ind2="3">
         <subfield code="a">Le Monde grec :</subfield>
         <subfield code="b">pensée, littérature, histoire, documents : hommages à Claire Préaux /</subfield>
         <subfield code="c">édités par Jean Bingen, Guy Cambier, Georges Nachtergael.</subfield>
      </datafield>
      <datafield tag="246" ind1="3" ind2="0">
         <subfield code="a">Hommages à Claire Préaux</subfield>
      </datafield>
      <datafield tag="264" ind1=" " ind2="1">
         <subfield code="a">Bruxelles :</subfield>
         <subfield code="b">Editions de l'Université de Bruxelles,</subfield>
         <subfield code="c">1975.</subfield>
      </datafield>
      <datafield tag="264" ind1=" " ind2="4">
         <subfield code="c">©1975</subfield>
      </datafield>
      <datafield tag="300" ind1=" " ind2=" ">
         <subfield code="a">xv, 832 pages, xx pages of plates :</subfield>
         <subfield code="b">illustrations ;</subfield>
         <subfield code="c">24 cm.</subfield>
      </datafield>
      <datafield tag="336" ind1=" " ind2=" ">
         <subfield code="a">text</subfield>
         <subfield code="b">txt</subfield>
         <subfield code="2">rdacontent</subfield>
      </datafield>
      <datafield tag="337" ind1=" " ind2=" ">
         <subfield code="a">unmediated</subfield>
         <subfield code="b">n</subfield>
         <subfield code="2">rdamedia</subfield>
      </datafield>
      <datafield tag="338" ind1=" " ind2=" ">
         <subfield code="a">volume</subfield>
         <subfield code="b">nc</subfield>
         <subfield code="2">rdacarrier</subfield>
      </datafield>
      <datafield tag="490" ind1="1" ind2=" ">
         <subfield code="a">Université libre de Bruxelles, Faculté de philosophie et lettres ;</subfield>
         <subfield code="v">62</subfield>
      </datafield>
      <datafield tag="500" ind1=" " ind2=" ">
         <subfield code="a">English, French, German and Italian.</subfield>
      </datafield>
      <datafield tag="504" ind1=" " ind2=" ">
         <subfield code="a">Includes bibliographical references.</subfield>
      </datafield>
      <datafield tag="505" ind1="0" ind2="0">
         <subfield code="g">1.</subfield>
         <subfield code="t">Littérature grecque.</subfield>
         <subfield code="t">Aèdes anciens et poètes ioniens. Le témoignage de quelques expressions homériques /</subfield>
         <subfield code="r">A. Hoekstra --</subfield>
         <subfield code="t">Épigrammes, thrènes et dithyrambes. Les lamentations funèbres de l'épopée /</subfield>
         <subfield code="r">Fr. Mawet --</subfield>
         <subfield code="t">Le catalogue des vaisseaux et la liste des Théorodoques /</subfield>
         <subfield code="r">G. Nachtergael --</subfield>
         <subfield code="t">Le jeu de l'arc de l´Odyssée /</subfield>
         <subfield code="r">E. Delebecque --</subfield>
         <subfield code="t">Homerisches [haggeliēs] /</subfield>
         <subfield code="r">H. Erbse --</subfield>
         <subfield code="t">Une énumération structurée en grec: Hésiode, Théogonie, 11-21 /</subfield>
         <subfield code="r">Fr. Bader --</subfield>
         <subfield code="t">Homeric Hymns and Society /</subfield>
         <subfield code="r">T. B. L. Webster --</subfield>
         <subfield code="t">Der Anlass zu Pindars Zehnter Nemea /</subfield>
         <subfield code="r">R. Merkelbagh --</subfield>
         <subfield code="t">Deux emplois controversés de l'infinitif chez Eschyle /</subfield>
         <subfield code="r">Fr. Henry --</subfield>
         <subfield code="t">Eschyle et les crues du Nil / A. Deman --</subfield>
         <subfield code="t">L'”Ode au Sommeil” de Sophocle : Philoctète, vers 827-864: Champ rythmique et responsio interne, (résumé) /</subfield>
         <subfield code="r">W. Lameere --</subfield>
         <subfield code="t">Lamentations sur la vieillesse dans la tragédie grecque /</subfield>
         <subfield code="r">S. Byl --</subfield>
         <subfield code="t">Cycles et cercles chez les auteurs grecs de l'époque classique /</subfield>
         <subfield code="r">J. de Romilly --</subfield>
         <subfield code="t">Empedocle nei papiri ercolanesi /</subfield>
         <subfield code="r">C. Gallavotti --</subfield>
         <subfield code="t">Lire dans Thucydide /</subfield>
         <subfield code="r">R. Weil --</subfield>
         <subfield code="t">Xénophon économiste / Cl. Mossé --</subfield>
         <subfield code="t">Les Oiseaux d'Aristophane : essai d'interprétation /</subfield>
         <subfield code="r">H. van Looy --</subfield>
         <subfield code="t">Aristophane, Thesmophories, vers 500 /</subfield>
         <subfield code="r">C. Austin --</subfield>
         <subfield code="t">Plot, Character and Thought /</subfield>
         <subfield code="r">B. R. Rees --</subfield>
         <subfield code="t">Menander and the Three-Actor Rule / F. H. Sandbach --</subfield>
         <subfield code="t">Da Fedra a Moschione : immaginazione e fantasticheria /</subfield>
         <subfield code="r">D. del Corno --</subfield>
         <subfield code="t">L'épigramme de Poseidippos sur le Phare d'Alexandrie /</subfield>
         <subfield code="r">Fr. Chamoux --</subfield>
         <subfield code="t">La Koré Kosmou et Lucien de Samosate (à propos de Momus et de la creation de l'homme) /</subfield>
         <subfield code="r">J. Schwartz --</subfield>
         <subfield code="t">Le début inédit de l'ouvrage de Théophylacte Simocatès sur la predestination /</subfield>
         <subfield code="r">P. Moraux --</subfield>
         <subfield code="t">Les manuscrits grecs de la Bibliothèque royale Albert Ier: vingt années d'acquisitions (1954-1973) /</subfield>
         <subfield code="r">M. Wittek.</subfield>
      </datafield>
      <datafield tag="505" ind1="8" ind2="0">
         <subfield code="g">2.</subfield>
         <subfield code="t">histoire des sciences et des idées.</subfield>
         <subfield code="t">La prognose hippocratique dans les livres V et VII des Épidémies /</subfield>
         <subfield code="r">F. Robert --</subfield>
         <subfield code="t">Remarques pour le De Alimento pseudo-hippocratique /</subfield>
         <subfield code="r">R. Joly --</subfield>
         <subfield code="t">Monstres et monstruosités dans la Biologie d'Aristote /</subfield>
         <subfield code="r">P. Louis --</subfield>
         <subfield code="t">Globus Ignis /</subfield>
         <subfield code="r">E. Bicknell --</subfield>
         <subfield code="t">Copernic et ses prédécesseurs grecs /</subfield>
         <subfield code="r">G. Donnay --</subfield>
         <subfield code="t">Sur quelques scolies de l’Almageste /</subfield>
         <subfield code="r">J. Mogenet --</subfield>
         <subfield code="t">A Greek World Map /</subfield>
         <subfield code="r">O. Neugebauer --</subfield>
         <subfield code="t">Sur un fragment du géographe Artémidore /</subfield>
         <subfield code="r">P. Pédech --</subfield>
         <subfield code="t">Le Pélion, le Centaure Chiron et la sagesse archaïque /</subfield>
         <subfield code="r">E. Janssens --</subfield>
         <subfield code="t">Du Dieu jaloux au Nom incommunicable /</subfield>
         <subfield code="r">E. des Plages --</subfield>
         <subfield code="t">Pallas, tertia Lunae /</subfield>
         <subfield code="r">J. Préaux --</subfield>
         <subfield code="g">3.</subfield>
         <subfield code="t">Histoire du monde grec classique et hellénistique.</subfield>
         <subfield code="t">Le mythe de la “gynécocratie-doulocratie” argienne /</subfield>
         <subfield code="r">R. van Compernolle --</subfield>
         <subfield code="t">Les rebelles samiens à Lacédémone (Hérodote, III, 46) /</subfield>
         <subfield code="r">J. Labarbe --</subfield>
         <subfield code="t">Glaucon, fils d'Étéoclès, d'Athènes /</subfield>
         <subfield code="r">J. Pouilloux --</subfield>
         <subfield code="t">Les combattants laconiens de Sellasie : périèques ou hilotes? /</subfield>
         <subfield code="r">M. Daubies --</subfield>
         <subfield code="t">Ptolémée IV et les Égyptiens /</subfield>
         <subfield code="r">W. Peremans --</subfield>
         <subfield code="t">Die Freiheitserklârung von Mylasa in den Inschriften von Labranda /</subfield>
         <subfield code="r">A. Heuss --</subfield>
         <subfield code="t">Les étapes de l'intégration de la Cappadoce dans l'empire romain /</subfield>
         <subfield code="r">Th. Lieraiann-Frankfort --</subfield>
         <subfield code="t">Notes sur [misthos] /</subfield>
         <subfield code="r">E. Will.</subfield>
         <subfield code="g">4.</subfield>
         <subfield code="t">Linéaire a et mycénologie.</subfield>
         <subfield code="t">“Lire” le linéaire A? /</subfield>
         <subfield code="r">J.-P. Olivier --</subfield>
         <subfield code="t">Who was E-ke-ra2-wo ? /</subfield>
         <subfield code="r">J. Chadwick.</subfield>
      </datafield>
      <datafield tag="505" ind1="8" ind2="0">
         <subfield code="g">5.</subfield>
         <subfield code="t">Épigraphie grecque.</subfield>
         <subfield code="t">Drei Griechische Epigramme von der Westküste des Pontos Euxeinos /</subfield>
         <subfield code="r">W. Peek --</subfield>
         <subfield code="t">À propos des tribus d'Istros à l'époque romaine /</subfield>
         <subfield code="r">D. M. Pippidi --</subfield>
         <subfield code="t">Préambule et promoteur dans le décret attique /</subfield>
         <subfield code="r">J. Bingen --</subfield>
         <subfield code="t">Le décret de Delphes SIG3 548 /</subfield>
         <subfield code="r">G. Daux --</subfield>
         <subfield code="t">Les esclaves immortelles d'Athénas Ilias /</subfield>
         <subfield code="r">P. Vidal-Naquet --</subfield>
         <subfield code="t">Une formule étolienne et l'origine des recuperalores /</subfield>
         <subfield code="r">J.-H. Michel --</subfield>
         <subfield code="t">The Greek-Nabataean Bilingual Inscription at Ruwwâfa, Saudi Arabia /</subfield>
         <subfield code="r">G. W. Bowersock --</subfield>
         <subfield code="t">Revision des inscriptions d e Kertassi (Nubie) /</subfield>
         <subfield code="r">A . Bernand --</subfield>
         <subfield code="t">Teodosio “rinnovatore” di Corinto, in una epigrafe greca di Kenchreai /</subfield>
         <subfield code="r">M. Guarducci.</subfield>
         <subfield code="g">6.</subfield>
         <subfield code="t">papyrologie littéraire.</subfield>
         <subfield code="t">Un papyrus sceptique méconnu (P. Louvre inv. 7733r°) /</subfield>
         <subfield code="r">Fr. Lasserre --</subfield>
         <subfield code="t">Fragment d'un codex d e papyrus de Libanius /</subfield>
         <subfield code="r">J . Lenaerts --</subfield>
         <subfield code="t">Three Medical Prescriptions for Eye-Salves. P. Mich. Inv. 482 /</subfield>
         <subfield code="r">L. C. Youtie --</subfield>
         <subfield code="t">Papyrus homériques et épiques. Liste des photographies publiées /</subfield>
         <subfield code="r">P. Mertens.</subfield>
      </datafield>
      <datafield tag="505" ind1="8" ind2="0">
         <subfield code="g">7.</subfield>
         <subfield code="t">papyrus inédits.</subfield>
         <subfield code="t">Four Obols a Day Men at Saqqara /</subfield>
         <subfield code="r">E. G. Turner --</subfield>
         <subfield code="t">Note de frais concernant l'élevage de cinq veaux (P. Sorbonne, inv. 2393) /</subfield>
         <subfield code="r">J. Scherer --</subfield>
         <subfield code="t">Cinq papyrus ptolémaïques des Giessener Papyrussamlungen /</subfield>
         <subfield code="r">P. J. Sijpesteijn --</subfield>
         <subfield code="t">Abrechnung mit Beamteneid beim Kaiser. Aus einer Amtsakte /</subfield>
         <subfield code="r">H. G. Gundel --</subfield>
         <subfield code="t">Un bail de terre à blé d'Oxyrhynchus /</subfield>
         <subfield code="r">M. Hombert --</subfield>
         <subfield code="t">Chaff and Pottery in the Oxyrhynchite Nome. P. Mich. inv. 157 /</subfield>
         <subfield code="r">A. E. Hanson --</subfield>
         <subfield code="t">P. Yale Inv. 1642 : New Evidence for the Tax [hyper haporichōn] /</subfield>
         <subfield code="r">D. H. Samuel --</subfield>
         <subfield code="t">Les terres de la congrégation pachômienne dans une liste de payements pour les apora /</subfield>
         <subfield code="r">E. Wipszycka.</subfield>
      </datafield>
      <datafield tag="505" ind1="8" ind2="0">
         <subfield code="g">8.</subfield>
         <subfield code="t">Études de papyrology.</subfield>
         <subfield code="t">La [geōrgia] en Égypte : genèse d'un thème économique et politique /</subfield>
         <subfield code="r">H. Cadell --</subfield>
         <subfield code="t">Le thébarque Stratôn /</subfield>
         <subfield code="r">E . van ‘t Dack --</subfield>
         <subfield code="t">Sur le régime du travail dans l'Égypte ptolémaïque au me siècle avant J.-C. À propos d'un livre récent d e N . N . Pikus /</subfield>
         <subfield code="r">H . Heinen --</subfield>
         <subfield code="t">L’[hanachōrēsis] dans l'Égypte pharaonique /</subfield>
         <subfield code="r">G. Posener --</subfield>
         <subfield code="t">Sarapis et les Hellénomemphites /</subfield>
         <subfield code="r">A . Swiderek --</subfield>
         <subfield code="t">Nouvelle contribution à une réédition du C. Ord. Ptol. /</subfield>
         <subfield code="r">M.-Th. Lenger --</subfield>
         <subfield code="t">Chrématistes et Laocrites /</subfield>
         <subfield code="r">J. Modrzejewski --</subfield>
         <subfield code="t">Quelques noms de Cyrénéens dans l'Égypte ptolémaïque /</subfield>
         <subfield code="r">O. Masson --</subfield>
         <subfield code="t">Die Quittung in den demotischen Texten /</subfield>
         <subfield code="r">E. Seidl --</subfield>
         <subfield code="t">[Apatores] : Law vs. Custom in Roman Egypt /</subfield>
         <subfield code="r">H. C. Youtie --</subfield>
         <subfield code="t">Les citoyens romains à Oxyrynchos aux deux premiers siècles de l'Empire /</subfield>
         <subfield code="r">I. Bieżunska-Malowist --</subfield>
         <subfield code="t">Treasure-Trove and Parapherna /</subfield>
         <subfield code="r">T. Reekmans --</subfield>
         <subfield code="t">Emperor or Prefect? /</subfield>
         <subfield code="r">N. Lewis --</subfield>
         <subfield code="t">Notes on Latin Texts from Egypt /</subfield>
         <subfield code="r">J. F. Gilliam --</subfield>
         <subfield code="t">[Amthodokōmo grammateus]. Zur Verwaltung der Dörfer Ägyptens im 3. J. n. Chr. /</subfield>
         <subfield code="r">Z. Borkowski, D. Hagedorn --</subfield>
         <subfield code="t">Quelques données sur la genèse de la grande propriété foncière à Oxyrhynchus /</subfield>
         <subfield code="r">I. F. Fikhman --</subfield>
         <subfield code="t">Oknos /</subfield>
         <subfield code="r">T.C. Skeat --</subfield>
         <subfield code="t">Note di onomastica greco-egizia /</subfield>
         <subfield code="r">M. Vandoni.</subfield>
         <subfield code="g">9.</subfield>
         <subfield code="t">Art et archéologie.</subfield>
         <subfield code="t">Art et politique à l'époque de Cimon /</subfield>
         <subfield code="r">Ch. Delvoye --</subfield>
         <subfield code="t">À propos de l'obélisque d'Antinous /</subfield>
         <subfield code="r">Ph. Derchain --</subfield>
         <subfield code="t">Une terre cuite d'Égypte /</subfield>
         <subfield code="r">Fr. Dunan --</subfield>
         <subfield code="t">Pour un répertoire iconographique de l'art chrétien dans la vallée du Nil /</subfield>
         <subfield code="r">M. et J. Debergh-Rassart.</subfield>
      </datafield>
      <datafield tag="651" ind1=" " ind2="0">
         <subfield code="a">Greece</subfield>
         <subfield code="x">Civilization</subfield>
         <subfield code="y">To 146 B.C.</subfield>
      </datafield>
      <datafield tag="650" ind1=" " ind2="0">
         <subfield code="a">Manuscripts, Greek (Papyri)</subfield>
      </datafield>
      <datafield tag="650" ind1=" " ind2="0">
         <subfield code="a">Greek literature</subfield>
         <subfield code="x">History and criticism.</subfield>
      </datafield>
      <datafield tag="600" ind1="1" ind2="7">
         <subfield code="a">Préaux, Claire.</subfield>
         <subfield code="2">fast</subfield>
         <subfield code="0">(OCoLC)fst01644870</subfield>
      </datafield>
      <datafield tag="650" ind1=" " ind2="7">
         <subfield code="a">Civilization.</subfield>
         <subfield code="2">fast</subfield>
         <subfield code="0">(OCoLC)fst00862898</subfield>
      </datafield>
      <datafield tag="651" ind1=" " ind2="7">
         <subfield code="a">Greece.</subfield>
         <subfield code="2">fast</subfield>
         <subfield code="0">(OCoLC)fst01208380</subfield>
      </datafield>
      <datafield tag="648" ind1=" " ind2="7">
         <subfield code="a">To 146 B.C.</subfield>
         <subfield code="2">fast</subfield>
      </datafield>
      <datafield tag="700" ind1="1" ind2=" ">
         <subfield code="a">Préaux, Claire</subfield>
         <subfield code="e">honoree.</subfield>
      </datafield>
      <datafield tag="700" ind1="1" ind2=" ">
         <subfield code="a">Bingen, Jean</subfield>
         <subfield code="e">editor.</subfield>
      </datafield>
      <datafield tag="700" ind1="1" ind2=" ">
         <subfield code="a">Cambier, Guy</subfield>
         <subfield code="e">editor.</subfield>
      </datafield>
      <datafield tag="700" ind1="1" ind2=" ">
         <subfield code="a">Nachtergael, Georges</subfield>
         <subfield code="e">editor.</subfield>
      </datafield>
      <datafield tag="776" ind1="0" ind2="8">
         <subfield code="i">Online version:</subfield>
         <subfield code="t">Monde grec.</subfield>
         <subfield code="d">Bruxelles : Editions de l'Université de Bruxelles, 1975</subfield>
         <subfield code="w">(OCoLC)567894218</subfield>
      </datafield>
      <datafield tag="830" ind1=" " ind2="0">
         <subfield code="a">Université libre de Bruxelles, Faculté de philosophie et lettres (Series) ;</subfield>
         <subfield code="v">62.</subfield>
      </datafield>
      <datafield tag="994" ind1=" " ind2=" ">
         <subfield code="a">Z0</subfield>
         <subfield code="b">ZYU</subfield>
      </datafield>
      <datafield tag="OWN" ind1=" " ind2=" ">
         <subfield code="a">GENERAL</subfield>
      </datafield>
      <datafield tag="AVA" ind1=" " ind2=" ">
         <subfield code="a">NYU50</subfield>
         <subfield code="b">NISAW</subfield>
         <subfield code="c">Small Collection</subfield>
         <subfield code="d">DF13 .M66 1975</subfield>
         <subfield code="e">available</subfield>
         <subfield code="t">Available</subfield>
         <subfield code="f">1</subfield>
         <subfield code="g">0</subfield>
         <subfield code="h">N</subfield>
         <subfield code="i">0</subfield>
         <subfield code="j">SMALL</subfield>
         <subfield code="k">0</subfield>
      </datafield>
      <marc:datafield tag="852" ind1=" " ind2=" ">
         <marc:subfield code="b">Institute for the Study of the Ancient World, </marc:subfield>
         <marc:subfield code="c">Small Collection</marc:subfield>
         <marc:subfield code="e">15 East 84th St., </marc:subfield>
         <marc:subfield code="e">New York, NY  10028</marc:subfield>
      </marc:datafield>
   </record>