
  
  
  
  
  
  
 
  
  <record xsi:schemaLocation="http://www.loc.gov/MARC21/slim http://www.loc.gov/standards/marcxml/schema/MARC21slim.xsd">
      <leader>00000cam  2200457 i 4500</leader>
      <controlfield tag="FMT">BK</controlfield>
      <controlfield tag="LDR">00000cam  2200457 i 4500</controlfield>
      <controlfield tag="001">004129074</controlfield>
      <controlfield tag="003">OCoLC</controlfield>
      <controlfield tag="005">20150415134058.0</controlfield>
      <controlfield tag="008">150415t20152015enkabe   b    100 0 eng d</controlfield>
      <datafield tag="010" ind1=" " ind2=" ">
         <subfield code="a">2014472625</subfield>
      </datafield>
      <datafield tag="020" ind1=" " ind2=" ">
         <subfield code="a">9781407313474</subfield>
      </datafield>
      <datafield tag="020" ind1=" " ind2=" ">
         <subfield code="a">1407313479</subfield>
      </datafield>
      <datafield tag="035" ind1=" " ind2=" ">
         <subfield code="a">(OCoLC)906029188</subfield>
      </datafield>
      <datafield tag="040" ind1=" " ind2=" ">
         <subfield code="a">SUC</subfield>
         <subfield code="c">SUC</subfield>
         <subfield code="d">DLC</subfield>
         <subfield code="d">NNU</subfield>
      </datafield>
      <datafield tag="043" ind1=" " ind2=" ">
         <subfield code="a">aw-----</subfield>
         <subfield code="a">f-ua---</subfield>
         <subfield code="a">ac-----</subfield>
      </datafield>
      <datafield tag="050" ind1=" " ind2="4">
         <subfield code="a">DS56</subfield>
         <subfield code="b">.B755 2011</subfield>
      </datafield>
      <datafield tag="111" ind1="2" ind2=" ">
         <subfield code="a">Broadening Horizons (Conference)</subfield>
         <subfield code="n">(4th :</subfield>
         <subfield code="d">2011 :</subfield>
         <subfield code="c">Turin, Italy)</subfield>
      </datafield>
      <datafield tag="245" ind1="1" ind2="0">
         <subfield code="a">Broadening horizons 4 :</subfield>
         <subfield code="b">a conference of young researchers working in the ancient Near East, Egypt and Central Asia, University of Torino, October 2011 /</subfield>
         <subfield code="c">edited by Giorgio Affanni, Cristina Baccarin, Laura Cordera, Angelo Di Michele, Katia Gavagnin.</subfield>
      </datafield>
      <datafield tag="264" ind1=" " ind2="1">
         <subfield code="a">Oxford :</subfield>
         <subfield code="b">Archaeopress,</subfield>
         <subfield code="c">2015.</subfield>
      </datafield>
      <datafield tag="264" ind1=" " ind2="4">
         <subfield code="c">©2015</subfield>
      </datafield>
      <datafield tag="300" ind1=" " ind2=" ">
         <subfield code="a">x, 317 pages :</subfield>
         <subfield code="b">illustrations (1 color), maps, plans ;</subfield>
         <subfield code="c">30 cm.</subfield>
      </datafield>
      <datafield tag="336" ind1=" " ind2=" ">
         <subfield code="a">text</subfield>
         <subfield code="b">txt</subfield>
         <subfield code="2">rdacontent</subfield>
      </datafield>
      <datafield tag="337" ind1=" " ind2=" ">
         <subfield code="a">unmediated</subfield>
         <subfield code="b">n</subfield>
         <subfield code="2">rdamedia</subfield>
      </datafield>
      <datafield tag="338" ind1=" " ind2=" ">
         <subfield code="a">volume</subfield>
         <subfield code="b">nc</subfield>
         <subfield code="2">rdacarrier</subfield>
      </datafield>
      <datafield tag="490" ind1="1" ind2=" ">
         <subfield code="a">BAR international series ;</subfield>
         <subfield code="v">2698</subfield>
      </datafield>
      <datafield tag="504" ind1=" " ind2=" ">
         <subfield code="a">Includes bibliographical references.</subfield>
      </datafield>
      <datafield tag="500" ind1=" " ind2=" ">
         <subfield code="a">"Broadening Horizons is an international congress dedicated to postgraduate students and early-stage researchers working with disciplines in the area of Ancient Near East and Eastern Mediterranean studies... The fourth ... was hosted at Università degli Studi di Torino, from the 25th to the 28th of October 2011, when it furthered its horizons in geographical terms by including the area the Central Asia"--page ix.</subfield>
      </datafield>
      <datafield tag="505" ind1="0" ind2="0">
         <subfield code="t">Presentation /</subfield>
         <subfield code="r">de Martino, Stefano --</subfield>
         <subfield code="t">Introduction to the Broadening Horizons 4 conference proceedings /</subfield>
         <subfield code="r">Affanni, Giorgio,</subfield>
         <subfield code="r">Baccarin, Cristina,</subfield>
         <subfield code="r">Cordera, Laura,</subfield>
         <subfield code="r">Di Michele, Angelo,</subfield>
         <subfield code="r">Gavagnin, Katia --</subfield>
         <subfield code="t">Settlement patterns and exchange networks.</subfield>
         <subfield code="t">Copper mining community in Transcaucasia during Chalcolithic and Bronze Ages /</subfield>
         <subfield code="r">Gailhard, Nicolas --</subfield>
         <subfield code="t">Circulating through the city: an analysis of movement and urban space of a Northern Mesopotamian city /</subfield>
         <subfield code="r">Tomé, André --</subfield>
         <subfield code="t">A comparative analysis of the cultural interaction between the western and central areas of Anatolian in the third millennium BC /</subfield>
         <subfield code="r">De Vincenzi, Tommaso --</subfield>
         <subfield code="t">The socio-economic landscape of the early Bronze IV period in the Southern Levant: a ceramic perspective /</subfield>
         <subfield code="r">D'Andrea, Marta --</subfield>
         <subfield code="t">The transition from the Bronze Age to the Iron Age in northern Palestine /</subfield>
         <subfield code="r">Soennecken, Katja --</subfield>
         <subfield code="t">Transferred religion - can faith be exchanged? /</subfield>
         <subfield code="r">Gropp, Andrea --</subfield>
         <subfield code="t">Palmyra, city and territory through the epigraphic sources /</subfield>
         <subfield code="r">Gregoratti, Leonardo --</subfield>
      </datafield>
      <datafield tag="505" ind1="8" ind2="0">
         <subfield code="t">Looking at and beyond late Chalcolithic pottery of the Burdur Plain, southwest Turkey /</subfield>
         <subfield code="r">Vandam, Ralf,</subfield>
         <subfield code="r">Poblome, Jeroen --</subfield>
         <subfield code="t">Architecture and use of space in middle Bronze and late Bronze Ages in Mesopotamian Temples /</subfield>
         <subfield code="r">Di Michele, Angelo --</subfield>
         <subfield code="t">Socio-economic reconstruction of ancient societies based on archaeological, historical or environmental records.</subfield>
         <subfield code="t">Demolition and restoration at Giza: the Egyptian sense of history and heritage /</subfield>
         <subfield code="r">Gilli, Barbara --</subfield>
         <subfield code="t">The modelling skulls from the ancient Near East /</subfield>
         <subfield code="r">Marchand, Florine --</subfield>
         <subfield code="t">The 'hammerhead bowls' in Syrian-Jezirah: a case-study from Tell Barri /</subfield>
         <subfield code="r">Raccidi, Mattia --</subfield>
         <subfield code="t">Wagons and wine in early Bronze Age central Anatolia /</subfield>
         <subfield code="r">Whalen, Jess --</subfield>
         <subfield code="t">The early-middle Bronze Age transition in Transcaucasia: the Bedeni pottery case /</subfield>
         <subfield code="r">Carminati, Eleonora --</subfield>
         <subfield code="t">Human iconography on metal vessels from Bronze Age Middle Asia /</subfield>
         <subfield code="r">Morello, Martina --</subfield>
         <subfield code="t">The Oracle at Didyma, Hittite duddumar and the mercy of the gods /</subfield>
         <subfield code="r">Walker, Robert --</subfield>
      </datafield>
      <datafield tag="505" ind1="8" ind2="0">
         <subfield code="t">Italian excavations at Nimrud: preliminary studies about shell, glass and stone small finds /</subfield>
         <subfield code="r">Somma, Lorenzo --</subfield>
         <subfield code="t">Ceramics from Achaemenid and post Achaemenid Qaleh Kali (Tappeh Servan, Jinjun), Iran: political reality versus cultural actuality /</subfield>
         <subfield code="r">McRae, Iona Kat --</subfield>
         <subfield code="t">Influence of the social class division on the Sassanian burial rituals (224-650 AD) /</subfield>
         <subfield code="r">Farjamirad, Mahdokht --</subfield>
         <subfield code="t">New sealings from Old Nisa /</subfield>
         <subfield code="r">Manassero, Niccolo --</subfield>
         <subfield code="t">The Islamic relief-moulded jugs from Tell Barri (Syria) /</subfield>
         <subfield code="r">Pappalardo, Raffaella --</subfield>
         <subfield code="t">Investigating the origin of Early Bronze Age monumental chamber tombs in the Middle Euphrates Valley /</subfield>
         <subfield code="r">Baccarin, Cristina --</subfield>
         <subfield code="t">Application of new technologies in archaeological research.</subfield>
         <subfield code="t">Unlocking stories from objects: some ancient near eastern case-studies based on new research at the British Museum /</subfield>
         <subfield code="r">Simpson, St John --</subfield>
      </datafield>
      <datafield tag="505" ind1="8" ind2="0">
         <subfield code="t">Inferential analysis in archaeology: the Chi Square and its application to ceramic studies. A case study from Middle Bronze Age and Late Bronze Age pottery of Qatna /</subfield>
         <subfield code="r">Iamoni, Marco --</subfield>
         <subfield code="t">Organic remains from middle Bronze Age ceramic vessels at Tell Ahmar (North Syria) /</subfield>
         <subfield code="r">Perini, Silvia --</subfield>
         <subfield code="t">Close encounters between archaeology and archaeometry in Cyprus /</subfield>
         <subfield code="r">Chelazzi, Francesca,</subfield>
         <subfield code="r">Davit, Patrizia --</subfield>
         <subfield code="t">Basalt vessels distribution in the Southern Levant during the Iron Age /</subfield>
         <subfield code="r">Squitieri, Andrea --</subfield>
         <subfield code="t">Broadening the horizons of space and place. A new interdisciplinary, multiscalar approach on settlement patterns /</subfield>
         <subfield code="r">Andreou, Georgia Marina --</subfield>
         <subfield code="t">New technologies in archaeological research at Palmyra: the case of the Italian-Syrian Mission PAL.M.A.I.S. /</subfield>
         <subfield code="r">Palmieri, Lilia,</subfield>
         <subfield code="r">Rossi, Giorgio --</subfield>
         <subfield code="t">A complete operational sequence of a bone industry element from the Northern Near East: a Neolithic bevelled tool /</subfield>
         <subfield code="r">Taha, Buchra --</subfield>
      </datafield>
      <datafield tag="505" ind1="8" ind2="0">
         <subfield code="t">Probable cases of leprosy in two skulls from the Koc-Oba Kurgan (Kazakhstan) /</subfield>
         <subfield code="r">Pedrosi, Maria Elena,</subfield>
         <subfield code="r">Mariotti, Valentina,</subfield>
         <subfield code="r">Belcastro, Maria Giovanna --</subfield>
         <subfield code="t">Impact of human dynamics on landscape evolution.</subfield>
         <subfield code="t">Frontiers and rortifications in Assyria: an introduction /</subfield>
         <subfield code="r">Morello, Nathan --</subfield>
         <subfield code="t">Exploitation of the natural environment and sustenance strategies.</subfield>
         <subfield code="t">Iron Age water supply systems regarding agriculture at al Madam, Sharjah (U.A.E.) /</subfield>
         <subfield code="r">Del Cerro, L. Carmen --</subfield>
         <subfield code="t">The Jaghjagh river valley during the Roman period (II-IV century CE) /</subfield>
         <subfield code="r">Palermo, Rocco --</subfield>
         <subfield code="t">Posters.</subfield>
         <subfield code="t">Further remarks about lithic production at Akarçay Tepe (Middle Euphrates Valley) during the Late PPNB /</subfield>
         <subfield code="r">Borrell, Ferran --</subfield>
         <subfield code="t">Parthian period storage jars from the south west building in Old Nisa /</subfield>
         <subfield code="r">Ceccarini, Giampaolo --</subfield>
         <subfield code="t">The TESS Database for the cataloguing of the mosaics of Crete (Greece) /</subfield>
         <subfield code="r">Da Pieve, Paola --</subfield>
         <subfield code="t">The defences of Hatra: a revaluation through the archive of the Italian Expedition /</subfield>
         <subfield code="r">Foietta, Enrico --</subfield>
      </datafield>
      <datafield tag="505" ind1="8" ind2="0">
         <subfield code="t">A new assessment of the end of the Oxus Civilization (Southern Central Asia, ca. 1750-1500/1400 BCE): overview of the transformations of the society /</subfield>
         <subfield code="r">Luneau, Elise --</subfield>
         <subfield code="t">Fortification systems in central and lower Mesopotamia between the third and the first half of the second Millennium BC: an overview /</subfield>
         <subfield code="r">Zingarello, Melania.</subfield>
      </datafield>
      <datafield tag="651" ind1=" " ind2="0">
         <subfield code="a">Middle East</subfield>
         <subfield code="x">Antiquities</subfield>
         <subfield code="v">Congresses.</subfield>
      </datafield>
      <datafield tag="651" ind1=" " ind2="0">
         <subfield code="a">Egypt</subfield>
         <subfield code="x">Antiquities</subfield>
         <subfield code="v">Congresses.</subfield>
      </datafield>
      <datafield tag="651" ind1=" " ind2="0">
         <subfield code="a">Asia, Central</subfield>
         <subfield code="x">Antiquities</subfield>
         <subfield code="v">Congresses.</subfield>
      </datafield>
      <datafield tag="650" ind1=" " ind2="0">
         <subfield code="a">Bronze age</subfield>
         <subfield code="v">Congresses.</subfield>
      </datafield>
      <datafield tag="700" ind1="1" ind2=" ">
         <subfield code="a">Affanni, Giorgio,</subfield>
         <subfield code="e">editor.</subfield>
      </datafield>
      <datafield tag="700" ind1="1" ind2=" ">
         <subfield code="a">Baccarin, Cristina,</subfield>
         <subfield code="e">editor.</subfield>
      </datafield>
      <datafield tag="700" ind1="1" ind2=" ">
         <subfield code="a">Cordera, Laura,</subfield>
         <subfield code="e">editor.</subfield>
      </datafield>
      <datafield tag="700" ind1="1" ind2=" ">
         <subfield code="a">Di Michele, Angelo,</subfield>
         <subfield code="d">1977-</subfield>
         <subfield code="e">editor.</subfield>
      </datafield>
      <datafield tag="700" ind1="1" ind2=" ">
         <subfield code="a">Gavagnin, Katia,</subfield>
         <subfield code="d">1978-</subfield>
         <subfield code="e">editor.</subfield>
      </datafield>
      <datafield tag="830" ind1=" " ind2="0">
         <subfield code="a">BAR international series ;</subfield>
         <subfield code="v">2698.</subfield>
      </datafield>
      <datafield tag="994" ind1=" " ind2=" ">
         <subfield code="a">Z0</subfield>
         <subfield code="b">ZYU</subfield>
      </datafield>
      <datafield tag="OWN" ind1=" " ind2=" ">
         <subfield code="a">GENERAL</subfield>
      </datafield>
      <datafield tag="AVA" ind1=" " ind2=" ">
         <subfield code="a">NYU50</subfield>
         <subfield code="b">NISAW</subfield>
         <subfield code="c">Large Collection</subfield>
         <subfield code="d">DS56 .B755 2011</subfield>
         <subfield code="e">available</subfield>
         <subfield code="t">Available</subfield>
         <subfield code="f">1</subfield>
         <subfield code="g">0</subfield>
         <subfield code="h">N</subfield>
         <subfield code="i">0</subfield>
         <subfield code="j">LARGE</subfield>
         <subfield code="k">0</subfield>
      </datafield>
      <marc:datafield tag="852" ind1=" " ind2=" ">
         <marc:subfield code="b">Institute for the Study of the Ancient World, </marc:subfield>
         <marc:subfield code="c">Large Collection</marc:subfield>
         <marc:subfield code="e">15 East 84th St., </marc:subfield>
         <marc:subfield code="e">New York, NY  10028</marc:subfield>
      </marc:datafield>
   </record>