
  
  
  
  
  
  
  
 
  
  <record xsi:schemaLocation="http://www.loc.gov/MARC21/slim http://www.loc.gov/standards/marcxml/schema/MARC21slim.xsd">
      <leader>00000cam  2200817 a 4500</leader>
      <controlfield tag="FMT">BK</controlfield>
      <controlfield tag="LDR">00000cam  2200817 a 4500</controlfield>
      <controlfield tag="001">000889364</controlfield>
      <controlfield tag="003">OCoLC</controlfield>
      <controlfield tag="005">20150420112146.0</controlfield>
      <controlfield tag="008">021018s2003    mduab    b    100 0 eng</controlfield>
      <datafield tag="010" ind1=" " ind2=" ">
         <subfield code="a">2002072883</subfield>
      </datafield>
      <datafield tag="020" ind1=" " ind2=" ">
         <subfield code="a">1883053730 (alk. paper)</subfield>
      </datafield>
      <datafield tag="020" ind1=" " ind2=" ">
         <subfield code="a">9781883053734 (alk. paper)</subfield>
      </datafield>
      <datafield tag="035" ind1=" " ind2=" ">
         <subfield code="a">(OCoLC)50859143</subfield>
         <subfield code="z">(OCoLC)52893709</subfield>
      </datafield>
      <datafield tag="040" ind1=" " ind2=" ">
         <subfield code="a">DLC</subfield>
         <subfield code="b">eng</subfield>
         <subfield code="c">DLC</subfield>
         <subfield code="d">EL</subfield>
         <subfield code="$">dBAKER</subfield>
         <subfield code="d">NLGGC</subfield>
         <subfield code="d">BTCTA</subfield>
         <subfield code="d">YDXCP</subfield>
         <subfield code="d">OCLCG</subfield>
         <subfield code="d">GEBAY</subfield>
         <subfield code="d">A7U</subfield>
         <subfield code="d">ILU</subfield>
         <subfield code="d">BDX</subfield>
         <subfield code="d">OCLCF</subfield>
         <subfield code="d">OCLCO</subfield>
         <subfield code="d">OCLCQ</subfield>
         <subfield code="d">NNU</subfield>
      </datafield>
      <datafield tag="042" ind1=" " ind2=" ">
         <subfield code="a">pcc</subfield>
      </datafield>
      <datafield tag="043" ind1=" " ind2=" ">
         <subfield code="a">aw-----</subfield>
      </datafield>
      <datafield tag="050" ind1="0" ind2="0">
         <subfield code="a">DS54</subfield>
         <subfield code="b">.L54 2003</subfield>
      </datafield>
      <datafield tag="082" ind1="0" ind2="0">
         <subfield code="a">939/.4</subfield>
         <subfield code="2">21</subfield>
      </datafield>
      <datafield tag="084" ind1=" " ind2=" ">
         <subfield code="a">15.51</subfield>
         <subfield code="2">bcl</subfield>
      </datafield>
      <datafield tag="090" ind1=" " ind2=" ">
         <subfield code="a">DS57</subfield>
         <subfield code="b">.L535 2003</subfield>
      </datafield>
      <datafield tag="245" ind1="0" ind2="0">
         <subfield code="a">Life and culture in the ancient Near East /</subfield>
         <subfield code="c">editors, Richard E. Averbeck, Mark W. Chavalas, David B. Weisberg.</subfield>
      </datafield>
      <datafield tag="260" ind1=" " ind2=" ">
         <subfield code="a">Potomac, Md. :</subfield>
         <subfield code="b">CDL Press,</subfield>
         <subfield code="c">©2003.</subfield>
      </datafield>
      <datafield tag="300" ind1=" " ind2=" ">
         <subfield code="a">xiii, 500 pages :</subfield>
         <subfield code="b">illustrations, maps ;</subfield>
         <subfield code="c">25 cm</subfield>
      </datafield>
      <datafield tag="336" ind1=" " ind2=" ">
         <subfield code="a">text</subfield>
         <subfield code="b">txt</subfield>
         <subfield code="2">rdacontent</subfield>
      </datafield>
      <datafield tag="337" ind1=" " ind2=" ">
         <subfield code="a">unmediated</subfield>
         <subfield code="b">n</subfield>
         <subfield code="2">rdamedia</subfield>
      </datafield>
      <datafield tag="338" ind1=" " ind2=" ">
         <subfield code="a">volume</subfield>
         <subfield code="b">nc</subfield>
         <subfield code="2">rdacarrier</subfield>
      </datafield>
      <datafield tag="500" ind1=" " ind2=" ">
         <subfield code="a">ISAW copy is from the Library of Hayim and Miriam Tadmor.</subfield>
         <subfield code="5">NNU</subfield>
      </datafield>
      <datafield tag="500" ind1=" " ind2=" ">
         <subfield code="a">Proceedings of a joint conference of the American Oriental Society Middle West, the Society of Biblical Literature Midwest, and the American Schools of Oriental Research Midwest, held from February 14-16, 1999 at Hebrew Union College, Cincinnatti, Ohio.</subfield>
      </datafield>
      <datafield tag="504" ind1=" " ind2=" ">
         <subfield code="a">Includes bibliographical references.</subfield>
      </datafield>
      <datafield tag="520" ind1="1" ind2=" ">
         <subfield code="a">"The essays in this volume discuss the life and culture of ancient Mesopotamia, Anatolia, Syria, Palestine, and Egypt. There are essays also on the New Testament world and on some special subjects in the ancient Near East: the use of animals, a special calendrical practice, games, and athletics."--Jacket.</subfield>
      </datafield>
      <datafield tag="505" ind1="0" ind2="0">
         <subfield code="t">Introduction /</subfield>
         <subfield code="r">Richard E. Averbeck, Mark W. Chavalas and David B. Weisberg --</subfield>
         <subfield code="t">Mesopotamia --</subfield>
         <subfield code="t">The Ordinarity of the Peculiar Institution /</subfield>
         <subfield code="r">Daniel C. Snell --</subfield>
         <subfield code="t">Daily Life and Culture in "Enki and the World Order" and Other Sumerian Literary Compositions /</subfield>
         <subfield code="r">Richard E. Averbeck --</subfield>
         <subfield code="t">Biblical and Mesopotamian Law: An Amorite Connection? /</subfield>
         <subfield code="r">Samuel Greengus --</subfield>
         <subfield code="t">Everyday Life in the Neo-Babylonian Period: The Integration of Material and Non-Material Culture /</subfield>
         <subfield code="r">David B. Weisberg --</subfield>
         <subfield code="t">Anatolia --</subfield>
         <subfield code="t">Daily Life among the Hittites /</subfield>
         <subfield code="r">H.A. Hoffner --</subfield>
         <subfield code="t">Syria --</subfield>
         <subfield code="t">Daily Life in Ancient Ugarit (Syria) /</subfield>
         <subfield code="r">Wilfred G.E. Watson --</subfield>
         <subfield code="t">Puzurum, A Homeowner from Khana-Period Terqa /</subfield>
         <subfield code="r">Mark W. Chavalas --</subfield>
         <subfield code="t">An Extraordinary Everyday for Emar's Diviner /</subfield>
         <subfield code="r">Jan Gallagher --</subfield>
         <subfield code="t">The Levant --</subfield>
         <subfield code="t">Everyday Life in Biblical Israel: Women's Social Networks /</subfield>
         <subfield code="r">Carol Meyers --</subfield>
         <subfield code="t">Sisterhood? Women's Relationships with Women in the Hebrew Bible /</subfield>
         <subfield code="r">Beverly Bow --</subfield>
         <subfield code="t">Boy Meets Girl: Stories of Eligibility and Encounter in Ancient Israel /</subfield>
         <subfield code="r">Peter Feinmen --</subfield>
         <subfield code="t">Aspects of Life in Ancient Israel /</subfield>
         <subfield code="r">Anson Rainey --</subfield>
         <subfield code="t">"Give Us Our Daily Bread" Everyday Life for the Israelite Deportees /</subfield>
         <subfield code="r">K. Lawson Younger, Jr. --</subfield>
         <subfield code="t">Modeling the Farm Community in Iron I Israel /</subfield>
         <subfield code="r">Robert D. Miller II --</subfield>
         <subfield code="t">Archaeological Remains of Everyday Activities: Ground Stone Tools in Bronze and Iron Age Palestine /</subfield>
         <subfield code="r">Jennie R. Ebeling --</subfield>
         <subfield code="t">Egypt --</subfield>
         <subfield code="t">Everyday Life in Ancient Egypt /</subfield>
         <subfield code="r">James K. Hoffmeier --</subfield>
         <subfield code="t">The New Testament World --</subfield>
         <subfield code="t">Daily Life in the New Testament Period /</subfield>
         <subfield code="r">Bruce J. Malina --</subfield>
         <subfield code="t">Reciprocity and the Poor among the First Followers of Jesus in Jerusalem /</subfield>
         <subfield code="r">Stephan J. Joubert --</subfield>
         <subfield code="t">Bishops as Brokers of Heavenly Goods: Ignatius To the Ephesians /</subfield>
         <subfield code="r">Ritva H. Williams --</subfield>
      </datafield>
      <datafield tag="505" ind1="8" ind2="0">
         <subfield code="t">Special Subjects --</subfield>
         <subfield code="t">Methods and Daily Life: Understanding the Use of Animals in Daily Life in a Multi-disciplinary Framework /</subfield>
         <subfield code="r">Gerald A. Klingbeil --</subfield>
         <subfield code="t">Ancient and Medieval Sources and Mechanisms of the Calendrical Practice of Yom Tov Sheni Shel Galuyyot /</subfield>
         <subfield code="r">Leo Depuydt --</subfield>
         <subfield code="t">Games People Played: Board Games in the Ancient Near East /</subfield>
         <subfield code="r">Alfred J. Hoerth --</subfield>
         <subfield code="t">Athletics in the Ancient Near East /</subfield>
         <subfield code="r">Edwin M. Yamauchi.</subfield>
      </datafield>
      <datafield tag="651" ind1=" " ind2="0">
         <subfield code="a">Middle East</subfield>
         <subfield code="x">Civilization</subfield>
         <subfield code="y">To 622</subfield>
         <subfield code="v">Congresses.</subfield>
      </datafield>
      <datafield tag="651" ind1=" " ind2="0">
         <subfield code="a">Middle East</subfield>
         <subfield code="x">Social life and customs</subfield>
         <subfield code="v">Congresses.</subfield>
      </datafield>
      <datafield tag="650" ind1=" " ind2="7">
         <subfield code="a">Civilization.</subfield>
         <subfield code="2">fast</subfield>
         <subfield code="0">(OCoLC)fst00862898</subfield>
      </datafield>
      <datafield tag="650" ind1=" " ind2="7">
         <subfield code="a">Manners and customs.</subfield>
         <subfield code="2">fast</subfield>
         <subfield code="0">(OCoLC)fst01007815</subfield>
      </datafield>
      <datafield tag="651" ind1=" " ind2="7">
         <subfield code="a">Middle East.</subfield>
         <subfield code="2">fast</subfield>
         <subfield code="0">(OCoLC)fst01241586</subfield>
      </datafield>
      <datafield tag="648" ind1=" " ind2="7">
         <subfield code="a">To 622</subfield>
         <subfield code="2">fast</subfield>
      </datafield>
      <datafield tag="796" ind1="1" ind2=" ">
         <subfield code="a">Tadmor, Hayim,</subfield>
         <subfield code="e">former owner.</subfield>
      </datafield>
      <datafield tag="796" ind1="1" ind2=" ">
         <subfield code="a">Tadmor, Miriam,</subfield>
         <subfield code="e">former owner.</subfield>
      </datafield>
      <datafield tag="797" ind1="2" ind2=" ">
         <subfield code="a">Tadmor Collection.</subfield>
      </datafield>
      <datafield tag="700" ind1="1" ind2=" ">
         <subfield code="a">Averbeck, Richard E.</subfield>
      </datafield>
      <datafield tag="700" ind1="1" ind2=" ">
         <subfield code="a">Chavalas, Mark W.</subfield>
         <subfield code="q">(Mark William),</subfield>
         <subfield code="d">1954-</subfield>
      </datafield>
      <datafield tag="700" ind1="1" ind2=" ">
         <subfield code="a">Weisberg, David B.</subfield>
      </datafield>
      <datafield tag="710" ind1="2" ind2=" ">
         <subfield code="a">American Oriental Society.</subfield>
         <subfield code="b">Middle West Branch.</subfield>
      </datafield>
      <datafield tag="710" ind1="2" ind2=" ">
         <subfield code="a">Society of Biblical Literature.</subfield>
         <subfield code="b">Mid-West Region.</subfield>
      </datafield>
      <datafield tag="710" ind1="2" ind2=" ">
         <subfield code="a">American Schools of Oriental Research.</subfield>
         <subfield code="b">Midwest Region.</subfield>
      </datafield>
      <datafield tag="776" ind1="0" ind2="8">
         <subfield code="i">Online version:</subfield>
         <subfield code="t">Life and culture in the ancient Near East.</subfield>
         <subfield code="d">Potomac, Md. : CDL Press, ©2003</subfield>
         <subfield code="w">(OCoLC)606931555</subfield>
      </datafield>
      <datafield tag="776" ind1="0" ind2="8">
         <subfield code="i">Online version:</subfield>
         <subfield code="t">Life and culture in the ancient Near East.</subfield>
         <subfield code="d">Potomac, Md. : CDL Press, ©2003</subfield>
         <subfield code="w">(OCoLC)631655725</subfield>
      </datafield>
      <datafield tag="OWN" ind1=" " ind2=" ">
         <subfield code="a">GENERAL</subfield>
      </datafield>
      <datafield tag="980" ind1=" " ind2=" ">
         <subfield code="a">030409</subfield>
         <subfield code="b">55.00</subfield>
         <subfield code="e">45.10</subfield>
         <subfield code="f">185205</subfield>
         <subfield code="g">1</subfield>
      </datafield>
      <datafield tag="982" ind1=" " ind2=" ">
         <subfield code="a">40008991168</subfield>
      </datafield>
      <datafield tag="AVA" ind1=" " ind2=" ">
         <subfield code="a">NYU50</subfield>
         <subfield code="b">BOBST</subfield>
         <subfield code="c">Main Collection</subfield>
         <subfield code="d">DS54 .L54 2003</subfield>
         <subfield code="e">unavailable</subfield>
         <subfield code="t">Unavailable</subfield>
         <subfield code="f">1</subfield>
         <subfield code="g">1</subfield>
         <subfield code="h">N</subfield>
         <subfield code="i">0</subfield>
         <subfield code="j">MAIN</subfield>
         <subfield code="k">0</subfield>
      </datafield>
      <datafield tag="AVA" ind1=" " ind2=" ">
         <subfield code="a">NYU50</subfield>
         <subfield code="b">NISAW</subfield>
         <subfield code="c">Small Collection</subfield>
         <subfield code="d">DS57 .L535 2003</subfield>
         <subfield code="e">available</subfield>
         <subfield code="t">Available</subfield>
         <subfield code="f">1</subfield>
         <subfield code="g">0</subfield>
         <subfield code="h">N</subfield>
         <subfield code="i">0</subfield>
         <subfield code="j">SMALL</subfield>
         <subfield code="k">0</subfield>
      </datafield>
      <marc:datafield tag="852" ind1=" " ind2=" ">
         <marc:subfield code="b">Institute for the Study of the Ancient World, </marc:subfield>
         <marc:subfield code="c">Small Collection</marc:subfield>
         <marc:subfield code="e">15 East 84th St., </marc:subfield>
         <marc:subfield code="e">New York, NY  10028</marc:subfield>
      </marc:datafield>
   </record>