
  
  
  
  
  
  
  
 
  
  <record xsi:schemaLocation="http://www.loc.gov/MARC21/slim http://www.loc.gov/standards/marcxml/schema/MARC21slim.xsd">
      <leader>00000nam a22      i 4500</leader>
      <controlfield tag="FMT">BK</controlfield>
      <controlfield tag="LDR">00000nam a22      i 4500</controlfield>
      <controlfield tag="001">004130469</controlfield>
      <controlfield tag="005">20150420135615.0</controlfield>
      <controlfield tag="008">150420s1987    is       a    100 0 heb d</controlfield>
      <datafield tag="040" ind1=" " ind2=" ">
         <subfield code="a">NNU</subfield>
         <subfield code="b">eng</subfield>
         <subfield code="e">rda</subfield>
         <subfield code="c">NNU</subfield>
      </datafield>
      <datafield tag="041" ind1="0" ind2=" ">
         <subfield code="b">heb</subfield>
         <subfield code="b">eng</subfield>
      </datafield>
      <datafield tag="043" ind1=" " ind2=" ">
         <subfield code="a">a-is---</subfield>
      </datafield>
      <datafield tag="050" ind1=" " ind2="4">
         <subfield code="a">DS110.N4</subfield>
         <subfield code="b">A73 1987</subfield>
      </datafield>
      <datafield tag="111" ind1="2" ind2=" ">
         <subfield code="a">Archaeological Congress in Israel</subfield>
         <subfield code="n">(13th :</subfield>
         <subfield code="d">1987 :</subfield>
         <subfield code="c">Beer-Sheva)</subfield>
      </datafield>
      <datafield tag="245" ind1="1" ind2="0">
         <subfield code="6">880-01</subfield>
         <subfield code="a">Sympoziyon :</subfield>
         <subfield code="b">ha- Negev beʻavar - 'aḳlim, digmai yishuv, ṿe-navodut = Symposium : the Negev and its past - climate, settlement patterns and nomadism /</subfield>
         <subfield code="c">ha-Kongres ha-ʼarkhiʼologi ha-13 be-yishraʼel, 17-19 bi-shevaṭ 747, 16-18 be-februʼar 1987 = Thirteenth Archaeological Congress in Israel, 16-18 February 1987.</subfield>
      </datafield>
      <datafield tag="246" ind1="3" ind2="3">
         <subfield code="6">880-02</subfield>
         <subfield code="a">Ha-Negev be-'avar - 'aḳlim, digmai yishuv ṿe-navodut.</subfield>
      </datafield>
      <datafield tag="246" ind1="3" ind2=" ">
         <subfield code="a">Negev and its past - climate, settlement patterns and nomadisim</subfield>
      </datafield>
      <datafield tag="264" ind1=" " ind2="1">
         <subfield code="6">880-03</subfield>
         <subfield code="a">[Yeruvshalayim] :</subfield>
         <subfield code="b">[ha-Hevrah le'ḥaḳirat 'Erets-Yisraʼel ṿe-ʻatiḳoteha ],</subfield>
         <subfield code="c">747, 1987.</subfield>
      </datafield>
      <datafield tag="300" ind1=" " ind2=" ">
         <subfield code="a">40 leaves ;</subfield>
         <subfield code="c">28 cm.</subfield>
      </datafield>
      <datafield tag="336" ind1=" " ind2=" ">
         <subfield code="a">text</subfield>
         <subfield code="2">rdacontent</subfield>
      </datafield>
      <datafield tag="337" ind1=" " ind2=" ">
         <subfield code="a">unmediated</subfield>
         <subfield code="2">rdamedia</subfield>
      </datafield>
      <datafield tag="338" ind1=" " ind2=" ">
         <subfield code="a">volume</subfield>
         <subfield code="2">rdacarrier</subfield>
      </datafield>
      <datafield tag="546" ind1=" " ind2=" ">
         <subfield code="a">Abstracts in Hebrew and English.</subfield>
      </datafield>
      <datafield tag="500" ind1=" " ind2=" ">
         <subfield code="a">ISAW copy is missing pages 5-10.</subfield>
         <subfield code="5">NNU.</subfield>
      </datafield>
      <datafield tag="500" ind1=" " ind2=" ">
         <subfield code="a">ISAW copy is from the Library of Hayim and Miriam Tadmor.</subfield>
         <subfield code="5">NNU</subfield>
      </datafield>
      <datafield tag="651" ind1=" " ind2="0">
         <subfield code="a">Negev (Israel)</subfield>
         <subfield code="x">Antiquities</subfield>
         <subfield code="v">Congessses.</subfield>
      </datafield>
      <datafield tag="650" ind1=" " ind2="0">
         <subfield code="a">Climate and civilization</subfield>
         <subfield code="z">Israel</subfield>
         <subfield code="z">Negev</subfield>
         <subfield code="v">Congessses.</subfield>
      </datafield>
      <datafield tag="650" ind1=" " ind2="0">
         <subfield code="a">Bronze age</subfield>
         <subfield code="z">Israel</subfield>
         <subfield code="z">Negev</subfield>
         <subfield code="v">Congessses.</subfield>
      </datafield>
      <datafield tag="796" ind1="1" ind2=" ">
         <subfield code="a">Tadmor, Hayim,</subfield>
         <subfield code="e">former owner.</subfield>
      </datafield>
      <datafield tag="796" ind1="1" ind2=" ">
         <subfield code="a">Tadmor, Miriam,</subfield>
         <subfield code="e">former owner.</subfield>
      </datafield>
      <datafield tag="797" ind1="2" ind2=" ">
         <subfield code="a">Tadmor Collection.</subfield>
      </datafield>
      <datafield tag="880" ind1="1" ind2="0">
         <subfield code="6">245-01/</subfield>
         <subfield code="a">סימפוזיון :</subfield>
         <subfield code="b">הנגב בעבר - אקלים, דגמי ישוב, ונוודות = Symposium : the Negev and its past - climate, settlement patterns and nomadism /</subfield>
         <subfield code="c">הקונגרס הארכיאולוגי ה-13 בישראל, י"ז-י"ט בשבט תשמ"ז, 16-18 בפברואר 1987 = Thirteenth Archaeological Congress in Israel, 16-18 February 1987.</subfield>
      </datafield>
      <datafield tag="880" ind1="3" ind2="1">
         <subfield code="6">246-02/</subfield>
         <subfield code="a">הנגב בעבר - אקלים, דגמי ישוב ונוודות</subfield>
      </datafield>
      <datafield tag="880" ind1=" " ind2="1">
         <subfield code="6">264-03/</subfield>
         <subfield code="a">]ירושלים[ :</subfield>
         <subfield code="b">]החברה לחקירת ארץ-ישראל ועתיקותיה[,</subfield>
         <subfield code="c">747, 1987</subfield>
      </datafield>
      <datafield tag="OWN" ind1=" " ind2=" ">
         <subfield code="a">GENERAL</subfield>
      </datafield>
      <datafield tag="AVA" ind1=" " ind2=" ">
         <subfield code="a">NYU50</subfield>
         <subfield code="b">NISAW</subfield>
         <subfield code="c">Large Collection</subfield>
         <subfield code="d">DS110.N4 A73 1987</subfield>
         <subfield code="e">available</subfield>
         <subfield code="t">Available</subfield>
         <subfield code="f">1</subfield>
         <subfield code="g">0</subfield>
         <subfield code="h">N</subfield>
         <subfield code="i">0</subfield>
         <subfield code="j">LARGE</subfield>
         <subfield code="k">0</subfield>
      </datafield>
      <marc:datafield tag="852" ind1=" " ind2=" ">
         <marc:subfield code="b">Institute for the Study of the Ancient World, </marc:subfield>
         <marc:subfield code="c">Large Collection</marc:subfield>
         <marc:subfield code="e">15 East 84th St., </marc:subfield>
         <marc:subfield code="e">New York, NY  10028</marc:subfield>
      </marc:datafield>
   </record>