
  
  
  
  
  
 
  
  <record xsi:schemaLocation="http://www.loc.gov/MARC21/slim http://www.loc.gov/standards/marcxml/schema/MARC21slim.xsd">
      <leader>00000nam a22      i 4500</leader>
      <controlfield tag="FMT">BK</controlfield>
      <controlfield tag="LDR">00000nam a22      i 4500</controlfield>
      <controlfield tag="001">004130731</controlfield>
      <controlfield tag="005">20150421101123.0</controlfield>
      <controlfield tag="008">150420s2003    is       l   f000 0 heb d</controlfield>
      <datafield tag="040" ind1=" " ind2=" ">
         <subfield code="a">NNU</subfield>
         <subfield code="b">eng</subfield>
         <subfield code="e">rda</subfield>
         <subfield code="c">NNU</subfield>
      </datafield>
      <datafield tag="043" ind1=" " ind2=" ">
         <subfield code="a">a-is---</subfield>
      </datafield>
      <datafield tag="050" ind1=" " ind2="4">
         <subfield code="a">DS111</subfield>
         <subfield code="b">.I873 1989</subfield>
      </datafield>
      <datafield tag="110" ind1="1" ind2=" ">
         <subfield code="a">Israel.</subfield>
         <subfield code="e">issuing body.</subfield>
      </datafield>
      <datafield tag="245" ind1="1" ind2="0">
         <subfield code="6">880-01</subfield>
         <subfield code="a">Kovets hukim ve-takanot.</subfield>
      </datafield>
      <datafield tag="264" ind1=" " ind2="1">
         <subfield code="6">880-02</subfield>
         <subfield code="a">[Yerushalayim] :</subfield>
         <subfield code="b">Reshuyt ha-'atikot,</subfield>
         <subfield code="c">[1989]</subfield>
      </datafield>
      <datafield tag="300" ind1=" " ind2=" ">
         <subfield code="a">75 unnumbered pages ;</subfield>
         <subfield code="c">24 cm</subfield>
      </datafield>
      <datafield tag="336" ind1=" " ind2=" ">
         <subfield code="a">text</subfield>
         <subfield code="2">rdacontent</subfield>
      </datafield>
      <datafield tag="337" ind1=" " ind2=" ">
         <subfield code="a">media</subfield>
         <subfield code="2">rdamedia</subfield>
      </datafield>
      <datafield tag="338" ind1=" " ind2=" ">
         <subfield code="a">volume</subfield>
         <subfield code="2">rdacarrier</subfield>
      </datafield>
      <datafield tag="505" ind1="0" ind2=" ">
         <subfield code="6">880-03</subfield>
         <subfield code="a">Hok ha-'atikot 5738-1978 -- Hok Rashut ha-'atikot 5789-1989 -- Pekudat seder ha-din ha-pelili (ma'atsar ve-hipus) (nusah harash) 5729-1969 -- Pekudat ha-protsedurah ha-pelilit ('edut), 1927</subfield>
      </datafield>
      <datafield tag="500" ind1=" " ind2=" ">
         <subfield code="a">Cover title.</subfield>
      </datafield>
      <datafield tag="500" ind1=" " ind2=" ">
         <subfield code="a">ISAW copy is from the Library of Hayim and Miriam Tadmor.</subfield>
         <subfield code="5">NNU</subfield>
      </datafield>
      <datafield tag="610" ind1="1" ind2="0">
         <subfield code="a">Israel.</subfield>
         <subfield code="b">Rashut ha-ʻatiḳot,</subfield>
      </datafield>
      <datafield tag="650" ind1=" " ind2="0">
         <subfield code="a">Antiquities</subfield>
         <subfield code="x">Law and legislation</subfield>
         <subfield code="z">Israel.</subfield>
      </datafield>
      <datafield tag="651" ind1=" " ind2="1">
         <subfield code="a">Israel</subfield>
         <subfield code="x">Antiquities.</subfield>
      </datafield>
      <datafield tag="710" ind1="1" ind2=" ">
         <subfield code="a">Israel.</subfield>
         <subfield code="b">Rashut ha-ʻatiḳot,</subfield>
         <subfield code="e">issuing body.</subfield>
      </datafield>
      <datafield tag="740" ind1="0" ind2="2">
         <subfield code="6">880-04</subfield>
         <subfield code="a">Hok ha-'atikot 5738-1978.</subfield>
      </datafield>
      <datafield tag="740" ind1="0" ind2="2">
         <subfield code="6">880-05</subfield>
         <subfield code="a">Hok Rashut ha-'atikot 5789-1989.</subfield>
      </datafield>
      <datafield tag="740" ind1="0" ind2="2">
         <subfield code="6">880-06</subfield>
         <subfield code="a">Pekudat seder ha-din ha-pelili (ma'atsar ve-hipus) (nusah harash) 5729-1969.</subfield>
      </datafield>
      <datafield tag="740" ind1="0" ind2="2">
         <subfield code="6">880-07</subfield>
         <subfield code="a">Pekudat ha-protsedurah ha-pelilit ('edut), 1927.</subfield>
      </datafield>
      <datafield tag="796" ind1="1" ind2=" ">
         <subfield code="a">Tadmor, Hayim,</subfield>
         <subfield code="e">former owner.</subfield>
      </datafield>
      <datafield tag="796" ind1="1" ind2=" ">
         <subfield code="a">Tadmor, Miriam,</subfield>
         <subfield code="e">former owner.</subfield>
      </datafield>
      <datafield tag="797" ind1="2" ind2=" ">
         <subfield code="a">Tadmor Collection.</subfield>
      </datafield>
      <datafield tag="880" ind1="1" ind2="0">
         <subfield code="6">245-01/</subfield>
         <subfield code="a">קובץ חוקים ותקנות</subfield>
      </datafield>
      <datafield tag="880" ind1=" " ind2="1">
         <subfield code="6">264-02/</subfield>
         <subfield code="a">ירושלים[] :</subfield>
         <subfield code="b">רשות העתיקות,</subfield>
         <subfield code="c">[1989] ‬</subfield>
      </datafield>
      <datafield tag="880" ind1="0" ind2=" ">
         <subfield code="6">505-03/</subfield>
         <subfield code="a">חוק העתיקות התשל"ח-1978 -- חוק רשות העתיקות, התשמ"ט-1989 -- פקודת סדר הדין הפלילי (מעצר וחיפוש) (נוסח חדש) התשכ"ט-1969 -- פקודת הפרוצדורה הפלילית (עדות) 1927</subfield>
      </datafield>
      <datafield tag="880" ind1="0" ind2="2">
         <subfield code="6">740-04/</subfield>
         <subfield code="a">חוק העתיקות התשל"ח-.1978</subfield>
      </datafield>
      <datafield tag="880" ind1="0" ind2="2">
         <subfield code="6">740-05/</subfield>
         <subfield code="a">חוק רשות העתיקות, התשמ"ט-1989.</subfield>
      </datafield>
      <datafield tag="880" ind1="0" ind2="2">
         <subfield code="6">740-06/</subfield>
         <subfield code="a">פקודת סדר הדין הפלילי (מעצר וחיפוש) (נוסח חדש) התשכ"ט-1969.</subfield>
      </datafield>
      <datafield tag="880" ind1="0" ind2="2">
         <subfield code="6">740-07/</subfield>
         <subfield code="a">פקודת הפרוצדורה הפלילית (עדות) 1927.</subfield>
      </datafield>
      <datafield tag="OWN" ind1=" " ind2=" ">
         <subfield code="a">GENERAL</subfield>
      </datafield>
      <datafield tag="AVA" ind1=" " ind2=" ">
         <subfield code="a">NYU50</subfield>
         <subfield code="b">NISAW</subfield>
         <subfield code="c">Small Collection</subfield>
         <subfield code="d">DS111 .I873 1989</subfield>
         <subfield code="e">available</subfield>
         <subfield code="t">Available</subfield>
         <subfield code="f">1</subfield>
         <subfield code="g">0</subfield>
         <subfield code="h">N</subfield>
         <subfield code="i">0</subfield>
         <subfield code="j">SMALL</subfield>
         <subfield code="k">0</subfield>
      </datafield>
      <marc:datafield tag="852" ind1=" " ind2=" ">
         <marc:subfield code="b">Institute for the Study of the Ancient World, </marc:subfield>
         <marc:subfield code="c">Small Collection</marc:subfield>
         <marc:subfield code="e">15 East 84th St., </marc:subfield>
         <marc:subfield code="e">New York, NY  10028</marc:subfield>
      </marc:datafield>
   </record>