
  
  
  
  
  
 
  
  <record xsi:schemaLocation="http://www.loc.gov/MARC21/slim http://www.loc.gov/standards/marcxml/schema/MARC21slim.xsd">
      <leader>00000cam  2200661 i 4500</leader>
      <controlfield tag="FMT">BK</controlfield>
      <controlfield tag="LDR">00000cam  2200661 i 4500</controlfield>
      <controlfield tag="001">004130807</controlfield>
      <controlfield tag="003">OCoLC</controlfield>
      <controlfield tag="005">20150421102811.0</controlfield>
      <controlfield tag="008">150421t20132013gw abf   b    001 0 ger</controlfield>
      <datafield tag="010" ind1=" " ind2=" ">
         <subfield code="a">2013016351</subfield>
      </datafield>
      <datafield tag="020" ind1=" " ind2=" ">
         <subfield code="a">9783110257359 (hardcover : alk. paper)</subfield>
      </datafield>
      <datafield tag="020" ind1=" " ind2=" ">
         <subfield code="a">3110257351 (hardcover : alk. paper)</subfield>
      </datafield>
      <datafield tag="020" ind1=" " ind2=" ">
         <subfield code="z">9783110258332 (e-ISBN)</subfield>
      </datafield>
      <datafield tag="035" ind1=" " ind2=" ">
         <subfield code="a">(OCoLC)858610538</subfield>
         <subfield code="z">(OCoLC)842994219</subfield>
      </datafield>
      <datafield tag="040" ind1=" " ind2=" ">
         <subfield code="a">DLC</subfield>
         <subfield code="b">eng</subfield>
         <subfield code="e">rda</subfield>
         <subfield code="c">DLC</subfield>
         <subfield code="d">OCLCO</subfield>
         <subfield code="d">ZCU</subfield>
         <subfield code="d">CHVBK</subfield>
         <subfield code="d">OCLCF</subfield>
         <subfield code="d">NNU</subfield>
      </datafield>
      <datafield tag="042" ind1=" " ind2=" ">
         <subfield code="a">pcc</subfield>
      </datafield>
      <datafield tag="043" ind1=" " ind2=" ">
         <subfield code="a">a-tu---</subfield>
      </datafield>
      <datafield tag="050" ind1="0" ind2="0">
         <subfield code="a">DR741.O53</subfield>
         <subfield code="b">L56 2013</subfield>
      </datafield>
      <datafield tag="082" ind1="0" ind2="0">
         <subfield code="a">939/.35</subfield>
         <subfield code="2">23</subfield>
      </datafield>
      <datafield tag="100" ind1="1" ind2=" ">
         <subfield code="a">Linnemann, Johannes Christian,</subfield>
         <subfield code="d">1977-</subfield>
         <subfield code="e">author.</subfield>
      </datafield>
      <datafield tag="245" ind1="1" ind2="4">
         <subfield code="a">Die Nekropolen von Diokaisareia /</subfield>
         <subfield code="c">von Johannes Christian Linnemann.</subfield>
      </datafield>
      <datafield tag="264" ind1=" " ind2="1">
         <subfield code="a">Berlin ;</subfield>
         <subfield code="a">Boston :</subfield>
         <subfield code="b">De Gruyter,</subfield>
         <subfield code="c">[2013]</subfield>
      </datafield>
      <datafield tag="264" ind1=" " ind2="4">
         <subfield code="c">©2013</subfield>
      </datafield>
      <datafield tag="300" ind1=" " ind2=" ">
         <subfield code="a">xv, 247 pages, 64 pages of plates :</subfield>
         <subfield code="b">illustrations, maps ;</subfield>
         <subfield code="c">36 cm.</subfield>
      </datafield>
      <datafield tag="336" ind1=" " ind2=" ">
         <subfield code="a">text</subfield>
         <subfield code="b">txt</subfield>
         <subfield code="2">rdacontent</subfield>
      </datafield>
      <datafield tag="336" ind1=" " ind2=" ">
         <subfield code="a">still image</subfield>
         <subfield code="b">sti</subfield>
         <subfield code="2">rdacontent</subfield>
      </datafield>
      <datafield tag="337" ind1=" " ind2=" ">
         <subfield code="a">unmediated</subfield>
         <subfield code="b">n</subfield>
         <subfield code="2">rdamedia</subfield>
      </datafield>
      <datafield tag="338" ind1=" " ind2=" ">
         <subfield code="a">volume</subfield>
         <subfield code="b">nc</subfield>
         <subfield code="2">rdacarrier</subfield>
      </datafield>
      <datafield tag="490" ind1="1" ind2=" ">
         <subfield code="a">Diokaisareia in Kilikien ;</subfield>
         <subfield code="v">Bd. 3</subfield>
      </datafield>
      <datafield tag="500" ind1=" " ind2=" ">
         <subfield code="a">Seven folded maps in pocket.</subfield>
      </datafield>
      <datafield tag="504" ind1=" " ind2=" ">
         <subfield code="a">Includes bibliographical references (pages 239-247) and index.</subfield>
      </datafield>
      <datafield tag="505" ind1="0" ind2=" ">
         <subfield code="a">Vorwort der Herausgeber; Vorwort; 1. Einleitung; 1. 1. Material, Methode und Zielsetzung; 1. 2. Forschungsgeschichte zu Diokaisareia; 1. 3. Forschungsgeschichte zu den Nekropolen; 2. Diokaisareia; 2. 1. Lage der Polis und Topographie des Umlandes; 2. 2. Gründung und Entwicklung der Polis; 2. 3. Das urbane Umfeld; 2. 3. 1. Straßennetz; 2. 3. 2. Extramurale Kirchen; 2. 3. 3. Gutshöfe; 2. 3. 4. Faktoren für die Ortswahl von Gräbern in Diokaisareia; 3. Nekropolen in Diokaisareia; 3. 1. Lage und Topographie der Nekropolen; 3. 1. 1. Die Nordnekropole; 3. 1. 2. Die Ostnekropole.</subfield>
      </datafield>
      <datafield tag="505" ind1="8" ind2=" ">
         <subfield code="a">3. 1. 3. Die Südnekropole; 3. 1. 4. Die Westnekropole; 3. 1. 5. Die Nordwestnekropole; 3. 2. Auftreten und Verteilung der Gräber der Nekropolen; 3. 2. 1. Die Nordnekropole; 3. 2. 2. Die Ostnekropole; 3. 2. 3. Die Südnekropole; 3. 2. 4. Die Westnekropole; 3. 2. 5. Die Nordwestnekropole; 3. 2. 6. Verschleppte Grabmonumente mit unbekanntem Aufstellungsort; 4. Sarkophage und Sarkophagähnliche; 4. 1. Freistehende Sarkophage; 4. 1. 1. Die Kastenprofile; 4. 1. 1. 1. Obere Kastenprofile; 4. 1. 1. 2. Untere Kastenprofile; 4. 1. 1. 3. Kombination von oberen und unteren Kastenprofilen.</subfield>
      </datafield>
      <datafield tag="505" ind1="8" ind2=" ">
         <subfield code="a">4. 1. 2. Sarkophagtypen; 4. 1. 2. 1. Attische Sarkophage; 4. 1. 2. 2. Girlandensarkophage; 4. 1. 2. 3. Halbfabrikate; 4. 1. 2. 4. Sarkophage mit glatten Kästen und Profilen; 4. 1. 2. 5. Sarkophage mit Einzelmotiven; 4. 1. 2. 6. Unverzierte Sarkophage; 4. 1. 2. 7. Sarkophage unbestimmbaren Typus'; 4. 1. 3. Ergebnisse; 4. 2. Erhabene Felssarkophage; 4. 2. 1. Die Kastenprofile; 4. 2. 1. 1. Obere Kastenprofile; 4. 2. 1. 2. Untere Kastenprofile; 4. 2. 1. 3. Kombination von oberen und unteren Kastenprofilen; 4. 2. 2. Felssarkophagtypen; 4. 2. 2. 1. Büsten-Felssarkophage.</subfield>
      </datafield>
      <datafield tag="505" ind1="8" ind2=" ">
         <subfield code="a">4. 2. 2. 2. Felssarkophage mit glatten Vorderseiten und Profilen; 4. 2. 2. 3. Felssarkophage mit Einzelmotiven; 4. 2. 2. 4. Girlanden-Felssarkophage; 4. 2. 2. 5. Truhen-Felssarkophage; 4. 2. 2. 6. Unverzierte Felssarkophage; 4. 2. 2. 7. Felssarkophage unbestimmbaren Typus'; 4. 2. 3. Ergebnisse; 4. 3. Chamosorien; 4. 3. 1. Typen von Chamosorien; 4. 3. 1. 1. Chamosorien ohne Sockel; 4. 3. 1. 2. Chamosorien mit Sockel; 4. 3. 2. Ergebnisse; 4. 4. Sarkophagdeckel; 4. 4. 1. Typen von Sarkophagdeckeln; 4. 4. 1. 1. Dachdeckel; 4. 4. 1. 2. Dachdeckel mit Einzelmotiven; 4. 4. 1. 3. Klinensarkophagdeckel.</subfield>
      </datafield>
      <datafield tag="505" ind1="8" ind2=" ">
         <subfield code="a">4. 4. 1. 4. Löwensarkophagdeckel; 4. 4. 2. Ergebnisse; 5. Felsgräber; 5. 1. Arkosolnischengräber; 5. 1. 1. Typen von Arkosolnischengräbern; 5. 1. 1. 1. Arkosolnischengräber mit erhabenem Felssarkophag; 5. 1. 1. 2. Arkosolnischengräber mit Chamosorien; 5. 1. 1. 3. Arkosolnischengräber mit geglättetem Boden; 5. 1. 1. 4. Arkosolnischengräber mit ungeklärter Grablege; 5. 1. 2. Bauliche Ergänzungen der Fassade; 5. 1. 3. Schmuckformen; 5. 1. 4. Ergebnisse; 5. 2. Arkosolkammergräber; 5. 2. 1. Fassaden und Eingangsbereiche; 5. 2. 2. Bauliche Ergänzungen der Fassade; 5. 2. 3. Innenräume und Grabkammern; 5. 2. 3. 1. Rechteckige Grabkammern.</subfield>
      </datafield>
      <datafield tag="520" ind1=" " ind2=" ">
         <subfield code="a">Five necropoleis have been identified in the area around Diokaisareia in Rough Cilicia (Turkey). Most of them lie along the roads leading into the polis. Some 750 burials and graves that have been recorded are arranged here by type: sarcophagi, rock graves and funerary monuments. The professions named in the inscriptions go some way to allowing a preliminary reconstruction of life in the city. Only a few graves date to the years before the foundation of the city in the 1st century AD, most of them are from the Roman imperial and early Byzantine periods.</subfield>
      </datafield>
      <datafield tag="651" ind1=" " ind2="0">
         <subfield code="a">Olbasa (Extinct city)</subfield>
      </datafield>
      <datafield tag="651" ind1=" " ind2="0">
         <subfield code="a">Turkey</subfield>
         <subfield code="x">Antiquities, Byzantine.</subfield>
      </datafield>
      <datafield tag="651" ind1=" " ind2="0">
         <subfield code="a">Turkey</subfield>
         <subfield code="x">Antiquities, Roman.</subfield>
      </datafield>
      <datafield tag="650" ind1=" " ind2="0">
         <subfield code="a">Sarcophagi, Roman</subfield>
         <subfield code="z">Turkey</subfield>
         <subfield code="z">Olbasa (Extinct city).</subfield>
      </datafield>
      <datafield tag="650" ind1=" " ind2="0">
         <subfield code="a">Sarcophagi, Byzantine</subfield>
         <subfield code="z">Turkey</subfield>
         <subfield code="z">Olbasa (Extinct city).</subfield>
      </datafield>
      <datafield tag="650" ind1=" " ind2="0">
         <subfield code="a">Inscriptions, Latin</subfield>
         <subfield code="z">Turkey</subfield>
         <subfield code="z">Olbasa (Extinct city).</subfield>
      </datafield>
      <datafield tag="650" ind1=" " ind2="0">
         <subfield code="a">Architecture, Roman</subfield>
         <subfield code="z">Turkey</subfield>
         <subfield code="z">Olbasa (Extinct city).</subfield>
      </datafield>
      <datafield tag="650" ind1=" " ind2="0">
         <subfield code="a">Architecture, Byzantine</subfield>
         <subfield code="z">Turkey</subfield>
         <subfield code="z">Olbasa (Extinct city).</subfield>
      </datafield>
      <datafield tag="650" ind1=" " ind2="0">
         <subfield code="a">Excavations (Archaeology)</subfield>
         <subfield code="z">Turkey</subfield>
         <subfield code="z">Olbasa (Extinct city).</subfield>
      </datafield>
      <datafield tag="650" ind1=" " ind2="0">
         <subfield code="a">Tombs</subfield>
         <subfield code="z">Turkey</subfield>
         <subfield code="z">Olbasa (Extinct city).</subfield>
      </datafield>
      <datafield tag="650" ind1=" " ind2="7">
         <subfield code="a">Architecture, Byzantine.</subfield>
         <subfield code="2">fast</subfield>
         <subfield code="0">(OCoLC)fst00813638</subfield>
      </datafield>
      <datafield tag="650" ind1=" " ind2="7">
         <subfield code="a">Architecture, Roman.</subfield>
         <subfield code="2">fast</subfield>
         <subfield code="0">(OCoLC)fst00813932</subfield>
      </datafield>
      <datafield tag="650" ind1=" " ind2="7">
         <subfield code="a">Excavations (Archaeology)</subfield>
         <subfield code="2">fast</subfield>
         <subfield code="0">(OCoLC)fst00917564</subfield>
      </datafield>
      <datafield tag="650" ind1=" " ind2="7">
         <subfield code="a">Inscriptions, Latin.</subfield>
         <subfield code="2">fast</subfield>
         <subfield code="0">(OCoLC)fst00973901</subfield>
      </datafield>
      <datafield tag="650" ind1=" " ind2="7">
         <subfield code="a">Sarcophagi, Byzantine.</subfield>
         <subfield code="2">fast</subfield>
         <subfield code="0">(OCoLC)fst01105484</subfield>
      </datafield>
      <datafield tag="650" ind1=" " ind2="7">
         <subfield code="a">Sarcophagi, Roman.</subfield>
         <subfield code="2">fast</subfield>
         <subfield code="0">(OCoLC)fst01105497</subfield>
      </datafield>
      <datafield tag="651" ind1=" " ind2="7">
         <subfield code="a">Turkey</subfield>
         <subfield code="z">Olbasa (Extinct city)</subfield>
         <subfield code="2">fast</subfield>
         <subfield code="0">(OCoLC)fst01897231</subfield>
      </datafield>
      <datafield tag="830" ind1=" " ind2="0">
         <subfield code="a">Diokaisareia in Kilikien ;</subfield>
         <subfield code="v">Bd. 3.</subfield>
      </datafield>
      <datafield tag="994" ind1=" " ind2=" ">
         <subfield code="a">Z0</subfield>
         <subfield code="b">ZYU</subfield>
      </datafield>
      <datafield tag="OWN" ind1=" " ind2=" ">
         <subfield code="a">GENERAL</subfield>
      </datafield>
      <datafield tag="AVA" ind1=" " ind2=" ">
         <subfield code="a">NYU50</subfield>
         <subfield code="b">NISAW</subfield>
         <subfield code="c">Oversize Collection</subfield>
         <subfield code="d">DR741.O53 L56 2013</subfield>
         <subfield code="e">available</subfield>
         <subfield code="t">Available</subfield>
         <subfield code="f">1</subfield>
         <subfield code="g">0</subfield>
         <subfield code="h">N</subfield>
         <subfield code="i">0</subfield>
         <subfield code="j">OVERZ</subfield>
         <subfield code="k">0</subfield>
      </datafield>
      <marc:datafield tag="852" ind1=" " ind2=" ">
         <marc:subfield code="b">Institute for the Study of the Ancient World, </marc:subfield>
         <marc:subfield code="c">Oversize Collection</marc:subfield>
         <marc:subfield code="e">15 East 84th St., </marc:subfield>
         <marc:subfield code="e">New York, NY  10028</marc:subfield>
      </marc:datafield>
   </record>