
  
  
  
  
  
 
  
  <record xsi:schemaLocation="http://www.loc.gov/MARC21/slim http://www.loc.gov/standards/marcxml/schema/MARC21slim.xsd">
      <leader>00000cam  2201021 a 4500</leader>
      <controlfield tag="FMT">BK</controlfield>
      <controlfield tag="LDR">00000cam  2201021 a 4500</controlfield>
      <controlfield tag="001">004131209</controlfield>
      <controlfield tag="003">OCoLC</controlfield>
      <controlfield tag="005">20150422145631.0</controlfield>
      <controlfield tag="006">m        m</controlfield>
      <controlfield tag="007">co cg |||m|||a</controlfield>
      <controlfield tag="008">150422s2003    inuab    b    100 0 eng d</controlfield>
      <datafield tag="010" ind1=" " ind2=" ">
         <subfield code="a">2003278265</subfield>
      </datafield>
      <datafield tag="020" ind1=" " ind2=" ">
         <subfield code="a">1575060868</subfield>
         <subfield code="q">(v. 2, pt. 1 : alk. paper)</subfield>
      </datafield>
      <datafield tag="020" ind1=" " ind2=" ">
         <subfield code="a">9781575060866</subfield>
         <subfield code="q">(v. 2, pt. 1 : alk. paper)</subfield>
      </datafield>
      <datafield tag="020" ind1=" " ind2=" ">
         <subfield code="a">1575060876</subfield>
         <subfield code="q">(v. 2, pt. 2 : alk. paper)</subfield>
      </datafield>
      <datafield tag="020" ind1=" " ind2=" ">
         <subfield code="a">9781575060873</subfield>
         <subfield code="q">(v. 2, pt. 2 : alk. paper)</subfield>
      </datafield>
      <datafield tag="020" ind1=" " ind2=" ">
         <subfield code="z">093146451X</subfield>
      </datafield>
      <datafield tag="035" ind1=" " ind2=" ">
         <subfield code="a">(OCoLC)54416043</subfield>
      </datafield>
      <datafield tag="040" ind1=" " ind2=" ">
         <subfield code="a">CFT</subfield>
         <subfield code="b">eng</subfield>
         <subfield code="c">CFT</subfield>
         <subfield code="d">DLC</subfield>
         <subfield code="d">MUQ</subfield>
         <subfield code="d">OCLCG</subfield>
         <subfield code="d">GTA</subfield>
         <subfield code="d">OCLCF</subfield>
         <subfield code="d">OCLCQ</subfield>
         <subfield code="d">OCLCO</subfield>
         <subfield code="d">NNU</subfield>
      </datafield>
      <datafield tag="042" ind1=" " ind2=" ">
         <subfield code="a">lccopycat</subfield>
      </datafield>
      <datafield tag="043" ind1=" " ind2=" ">
         <subfield code="a">a-jo---</subfield>
      </datafield>
      <datafield tag="050" ind1="0" ind2="0">
         <subfield code="a">DS154.9.D38</subfield>
         <subfield code="b">E9 1989 vol. 2</subfield>
      </datafield>
      <datafield tag="111" ind1="2" ind2=" ">
         <subfield code="a">Expedition to the Dead Sea Plain, Jordan</subfield>
         <subfield code="d">(1975-1981)</subfield>
      </datafield>
      <datafield tag="245" ind1="1" ind2="0">
         <subfield code="a">Bâb edh-Dhrâʻ :</subfield>
         <subfield code="b">excavations at the town site (1975-1981) /</subfield>
         <subfield code="c">by Walter E. Rast and R. Thomas Schaub ; with contributions by Jack Donahue [and others].</subfield>
      </datafield>
      <datafield tag="260" ind1=" " ind2=" ">
         <subfield code="a">Winona Lake, Ind. :</subfield>
         <subfield code="b">Eisenbrauns,</subfield>
         <subfield code="c">2003.</subfield>
      </datafield>
      <datafield tag="300" ind1=" " ind2=" ">
         <subfield code="a">2 volumes :</subfield>
         <subfield code="b">illustrations, maps ;</subfield>
         <subfield code="c">29 cm +</subfield>
         <subfield code="e">1 CD-ROM (4 3/4 in.).</subfield>
      </datafield>
      <datafield tag="336" ind1=" " ind2=" ">
         <subfield code="a">text</subfield>
         <subfield code="b">txt</subfield>
         <subfield code="2">rdacontent</subfield>
      </datafield>
      <datafield tag="336" ind1=" " ind2=" ">
         <subfield code="a">still image</subfield>
         <subfield code="b">sti</subfield>
         <subfield code="2">rdacontent</subfield>
      </datafield>
      <datafield tag="337" ind1=" " ind2=" ">
         <subfield code="a">unmediated</subfield>
         <subfield code="b">n</subfield>
         <subfield code="2">rdamedia</subfield>
      </datafield>
      <datafield tag="337" ind1=" " ind2=" ">
         <subfield code="a">computer</subfield>
         <subfield code="b">c</subfield>
         <subfield code="2">rdamedia</subfield>
      </datafield>
      <datafield tag="338" ind1=" " ind2=" ">
         <subfield code="a">volume</subfield>
         <subfield code="b">nc</subfield>
         <subfield code="2">rdacarrier</subfield>
      </datafield>
      <datafield tag="338" ind1=" " ind2=" ">
         <subfield code="a">computer disc</subfield>
         <subfield code="b">cd</subfield>
         <subfield code="2">rdacarrier</subfield>
      </datafield>
      <datafield tag="490" ind1="1" ind2=" ">
         <subfield code="a">Reports of the Expedition to the Dead Sea Plain, Jordan ;</subfield>
         <subfield code="v">v. 2</subfield>
      </datafield>
      <datafield tag="500" ind1=" " ind2=" ">
         <subfield code="a">"Plates and appendixes by Walter E. Rast and R. Thomas Schaub ; with the assistance of Patricia D. Maloney and Robert H. Johnston"--V. 2, pt. 2, title page.</subfield>
      </datafield>
      <datafield tag="500" ind1=" " ind2=" ">
         <subfield code="a">One CD-ROM in pocket of pt. 2.</subfield>
      </datafield>
      <datafield tag="504" ind1=" " ind2=" ">
         <subfield code="a">Includes bibliographical references (pt. 2, pages 291-321).</subfield>
      </datafield>
      <datafield tag="505" ind1="0" ind2=" ">
         <subfield code="a">pt. 1: Text -- pt. 2: Plates and appendixes.</subfield>
      </datafield>
      <datafield tag="505" ind1="0" ind2="0">
         <subfield code="g">pt. 1. Text.</subfield>
         <subfield code="t">The 1975-1981 excavations at the town site of Bâb edh-Dhrâʻ --</subfield>
         <subfield code="t">Geology and geomorphology /</subfield>
         <subfield code="r">Jack Donahue --</subfield>
         <subfield code="t">Natural resources of the Bâb edh-Dhrâʻ region /</subfield>
         <subfield code="r">Jack R. Harlan --</subfield>
         <subfield code="t">The shaft tomb pastoralists of Stratum V --</subfield>
         <subfield code="t">The pottery of Stratum V --</subfield>
         <subfield code="t">The Stratum IV village --</subfield>
         <subfield code="t">The pottery of Stratum IV --</subfield>
         <subfield code="t">The Stratum III town --</subfield>
         <subfield code="t">The pottery of Stratum III --</subfield>
         <subfield code="t">The Stratum II town --</subfield>
         <subfield code="t">The pottery of Stratum II --</subfield>
         <subfield code="t">The Stratum I occupation --</subfield>
         <subfield code="t">The pottery of Stratum I --</subfield>
         <subfield code="t">The paleoethnobotany of Bâb edh-Dhrâʻ /</subfield>
         <subfield code="r">David W. McCreery --</subfield>
         <subfield code="t">Palynology of the town site and its surroundings /</subfield>
         <subfield code="r">Susan K. Short --</subfield>
         <subfield code="t">Chipped stone tools at Bâb edh-Dhrâʻ /</subfield>
         <subfield code="r">Mark A. McConaughy --</subfield>
         <subfield code="t">Metallurgical studies on copper artifacts from Bâb edh-Dhrâʻ /</subfield>
         <subfield code="r">R. Maddin, J.D. Muhly, and T. Stech --</subfield>
         <subfield code="t">Cylinder seals, impressions, and incised sherds /</subfield>
         <subfield code="r">nancy Lapp --</subfield>
         <subfield code="t">Jewelry and ornaments /</subfield>
         <subfield code="r">Nancy H. Broeder and H. Catherine W. Skinner --</subfield>
         <subfield code="t">Basketry impressions and weaving accoutrement from the Bâb edh-Dhrâʻ town site /</subfield>
         <subfield code="r">J.M. Adovasio, R.L. Andrews, and J.S. Illingworth with C.A. Pappas and E.A. Oliver --</subfield>
         <subfield code="t">Worked stones /</subfield>
         <subfield code="r">John R. Lee --</subfield>
         <subfield code="t">A new set of radiocarbon dates from the town site /</subfield>
         <subfield code="r">James M. Weinstein.</subfield>
      </datafield>
      <datafield tag="505" ind1="8" ind2="0">
         <subfield code="g">pt. 2. Plates and appendixes.</subfield>
         <subfield code="t">Plates --</subfield>
         <subfield code="t">Bibliography --</subfield>
         <subfield code="t">Appendixes: --</subfield>
         <subfield code="g">Appendix A:</subfield>
         <subfield code="t">Field staffs of the expedition to the Dead Sea Plain, 1975-1981 --</subfield>
         <subfield code="g">Appendix B:</subfield>
         <subfield code="t">Publications support staff --</subfield>
         <subfield code="g">Appendix C:</subfield>
         <subfield code="t">Registered objects of Bâb edh-Dhrâʻ town site --</subfield>
         <subfield code="g">Appendix D:</subfield>
         <subfield code="t">Ground stone registered objects --</subfield>
         <subfield code="g">Appendix E:</subfield>
         <subfield code="t">Location of diagnostic sherds from the Bâb edh-Dhrâʻ town site --</subfield>
         <subfield code="g">Appendix F:</subfield>
         <subfield code="t">Coded soil and ware colore (Munsell) --</subfield>
         <subfield code="g">Appendix G:</subfield>
         <subfield code="t">Basic form classifications of the town site.</subfield>
         <subfield code="g">CD-ROM Contents: --</subfield>
         <subfield code="g">Appendix H:</subfield>
         <subfield code="t">Master Locus List for all areas and fields --</subfield>
         <subfield code="g">Appendix I:</subfield>
         <subfield code="t">Archaeological soil samples collected for pollen analysis --</subfield>
         <subfield code="g">Appendix J:</subfield>
         <subfield code="t">Dead Sea cores from Wimpey Laboratories collections --</subfield>
         <subfield code="g">Appendix K:</subfield>
         <subfield code="t">Codes used in recording ware descriptions --</subfield>
         <subfield code="g">Appendix L:</subfield>
         <subfield code="t">Example of data recording sheet --</subfield>
         <subfield code="g">Appendix M:</subfield>
         <subfield code="t">Sample sheet of dBase format --</subfield>
         <subfield code="g">Appendix N:</subfield>
         <subfield code="t">Full databases of the ware descriptions of primary loci of Strata I-V --</subfield>
         <subfield code="g">Appendix O:</subfield>
         <subfield code="t">Additional ware data for all sherds of primary loci with surface treatment of slip, burnish, or slip paint --</subfield>
         <subfield code="g">Appendix P:</subfield>
         <subfield code="t">Color photos of the Bâb edh-Dhrâʻ town site.</subfield>
      </datafield>
      <datafield tag="520" ind1=" " ind2=" ">
         <subfield code="a">"This final report on excavations at the town site at Bab edh-Dhra contains the results of the expedition to the Dead Sea between 1975 and 1981. The central objective of the expedition was to bring the Early Bronze Age occupation of the southeast Dead Sea Plain in Jordan to life by excavation, survey, and multidisciplinary exploration. As the largest Early Bronze Age site in the southern Ghor, Bab edh-Dhra was the focus because the site's size and much longer history attest to the fact that the peoples at this particular location spearheaded the occupation of the region from the latter part of the fourth to the end of the third millennium B.C."--Preface.</subfield>
      </datafield>
      <datafield tag="651" ind1=" " ind2="0">
         <subfield code="a">Bāb edh-Dhrāʻ Site (Jordan)</subfield>
      </datafield>
      <datafield tag="651" ind1=" " ind2="0">
         <subfield code="a">Jordan</subfield>
         <subfield code="x">Antiquities.</subfield>
      </datafield>
      <datafield tag="650" ind1=" " ind2="0">
         <subfield code="a">Bronze age</subfield>
         <subfield code="z">Jordan</subfield>
         <subfield code="z">Bāb edh-Dhrāʻ Site.</subfield>
      </datafield>
      <datafield tag="650" ind1=" " ind2="0">
         <subfield code="a">Excavations (Archaeology)</subfield>
         <subfield code="z">Jordan</subfield>
         <subfield code="z">Bāb edh-Dhrāʻ Site.</subfield>
      </datafield>
      <datafield tag="650" ind1=" " ind2="0">
         <subfield code="a">Excavations (Archaeology)</subfield>
         <subfield code="z">Dead Sea (Israel and Jordan).</subfield>
      </datafield>
      <datafield tag="650" ind1=" " ind2="0">
         <subfield code="a">Cities and towns, Ancient</subfield>
         <subfield code="z">Jordan.</subfield>
      </datafield>
      <datafield tag="650" ind1=" " ind2="0">
         <subfield code="a">Cylinder seals</subfield>
         <subfield code="z">Jordan</subfield>
         <subfield code="z">Bāb edh-Dhrāʻ Site.</subfield>
      </datafield>
      <datafield tag="650" ind1=" " ind2="0">
         <subfield code="a">Excavations (Archaeology)</subfield>
         <subfield code="x">Methods.</subfield>
      </datafield>
      <datafield tag="650" ind1=" " ind2="0">
         <subfield code="a">Pottery, Ancient</subfield>
         <subfield code="z">Jordan</subfield>
         <subfield code="z">Bāb edh-Dhrāʻ Site.</subfield>
      </datafield>
      <datafield tag="650" ind1=" " ind2="0">
         <subfield code="a">Tombs</subfield>
         <subfield code="z">Jordan</subfield>
         <subfield code="z">Bāb edh-Dhrāʻ Site.</subfield>
      </datafield>
      <datafield tag="650" ind1=" " ind2="0">
         <subfield code="a">Jewelry, Prehistoric</subfield>
         <subfield code="z">Jordan</subfield>
         <subfield code="z">Bāb edh-Dhrāʻ Site.</subfield>
      </datafield>
      <datafield tag="650" ind1=" " ind2="0">
         <subfield code="a">Tools, Prehistoric</subfield>
         <subfield code="z">Jordan</subfield>
         <subfield code="z">Bāb edh-Dhrāʻ Site.</subfield>
      </datafield>
      <datafield tag="650" ind1=" " ind2="0">
         <subfield code="a">Archaeological geology</subfield>
         <subfield code="z">Dead Sea (Israel and Jordan).</subfield>
      </datafield>
      <datafield tag="650" ind1=" " ind2="0">
         <subfield code="a">Archaeological geology</subfield>
         <subfield code="z">Jordan.</subfield>
      </datafield>
      <datafield tag="650" ind1=" " ind2="0">
         <subfield code="a">Basket making</subfield>
         <subfield code="z">Jordan</subfield>
         <subfield code="z">Bāb edh-Dhrāʻ Site.</subfield>
      </datafield>
      <datafield tag="650" ind1=" " ind2="0">
         <subfield code="a">Weaving</subfield>
         <subfield code="z">Jordan</subfield>
         <subfield code="z">Bāb edh-Dhrāʻ Site.</subfield>
      </datafield>
      <datafield tag="650" ind1=" " ind2="7">
         <subfield code="a">Antiquities.</subfield>
         <subfield code="2">fast</subfield>
         <subfield code="0">(OCoLC)fst00810745</subfield>
      </datafield>
      <datafield tag="650" ind1=" " ind2="7">
         <subfield code="a">Archaeological geology.</subfield>
         <subfield code="2">fast</subfield>
         <subfield code="0">(OCoLC)fst00812903</subfield>
      </datafield>
      <datafield tag="650" ind1=" " ind2="7">
         <subfield code="a">Basket making.</subfield>
         <subfield code="2">fast</subfield>
         <subfield code="0">(OCoLC)fst00828196</subfield>
      </datafield>
      <datafield tag="650" ind1=" " ind2="7">
         <subfield code="a">Bronze age.</subfield>
         <subfield code="2">fast</subfield>
         <subfield code="0">(OCoLC)fst00839439</subfield>
      </datafield>
      <datafield tag="650" ind1=" " ind2="7">
         <subfield code="a">Cities and towns, Ancient.</subfield>
         <subfield code="2">fast</subfield>
         <subfield code="0">(OCoLC)fst00861870</subfield>
      </datafield>
      <datafield tag="650" ind1=" " ind2="7">
         <subfield code="a">Cylinder seals.</subfield>
         <subfield code="2">fast</subfield>
         <subfield code="0">(OCoLC)fst00886039</subfield>
      </datafield>
      <datafield tag="650" ind1=" " ind2="7">
         <subfield code="a">Excavations (Archaeology)</subfield>
         <subfield code="2">fast</subfield>
         <subfield code="0">(OCoLC)fst00917564</subfield>
      </datafield>
      <datafield tag="650" ind1=" " ind2="7">
         <subfield code="a">Jewelry, Prehistoric.</subfield>
         <subfield code="2">fast</subfield>
         <subfield code="0">(OCoLC)fst00982616</subfield>
      </datafield>
      <datafield tag="650" ind1=" " ind2="7">
         <subfield code="a">Pottery, Ancient.</subfield>
         <subfield code="2">fast</subfield>
         <subfield code="0">(OCoLC)fst01073658</subfield>
      </datafield>
      <datafield tag="650" ind1=" " ind2="7">
         <subfield code="a">Tombs.</subfield>
         <subfield code="2">fast</subfield>
         <subfield code="0">(OCoLC)fst01152439</subfield>
      </datafield>
      <datafield tag="650" ind1=" " ind2="7">
         <subfield code="a">Tools, Prehistoric.</subfield>
         <subfield code="2">fast</subfield>
         <subfield code="0">(OCoLC)fst01152615</subfield>
      </datafield>
      <datafield tag="650" ind1=" " ind2="7">
         <subfield code="a">Weaving.</subfield>
         <subfield code="2">fast</subfield>
         <subfield code="0">(OCoLC)fst01173203</subfield>
      </datafield>
      <datafield tag="651" ind1=" " ind2="7">
         <subfield code="a">Jordan.</subfield>
         <subfield code="2">fast</subfield>
         <subfield code="0">(OCoLC)fst01205669</subfield>
      </datafield>
      <datafield tag="651" ind1=" " ind2="7">
         <subfield code="a">Jordan</subfield>
         <subfield code="z">Bāb edh-Dhrāʻ Site.</subfield>
         <subfield code="2">fast</subfield>
         <subfield code="0">(OCoLC)fst01251321</subfield>
      </datafield>
      <datafield tag="651" ind1=" " ind2="7">
         <subfield code="a">Middle East.</subfield>
         <subfield code="2">fast</subfield>
         <subfield code="0">(OCoLC)fst01241586</subfield>
      </datafield>
      <datafield tag="651" ind1=" " ind2="7">
         <subfield code="a">Middle East</subfield>
         <subfield code="z">Dead Sea.</subfield>
         <subfield code="2">fast</subfield>
         <subfield code="0">(OCoLC)fst01310284</subfield>
      </datafield>
      <datafield tag="648" ind1=" " ind2="7">
         <subfield code="a">To 1500</subfield>
         <subfield code="2">fast</subfield>
      </datafield>
      <datafield tag="655" ind1=" " ind2="7">
         <subfield code="a">History.</subfield>
         <subfield code="2">fast</subfield>
         <subfield code="0">(OCoLC)fst01411628</subfield>
      </datafield>
      <datafield tag="655" ind1=" " ind2="7">
         <subfield code="a">Methods.</subfield>
         <subfield code="2">fast</subfield>
         <subfield code="0">(OCoLC)fst01423850</subfield>
      </datafield>
      <datafield tag="700" ind1="1" ind2=" ">
         <subfield code="a">Rast, Walter E.,</subfield>
         <subfield code="d">1930-</subfield>
         <subfield code="e">joint author.</subfield>
      </datafield>
      <datafield tag="700" ind1="1" ind2=" ">
         <subfield code="a">Schaub, R. Thomas,</subfield>
         <subfield code="d">1933-</subfield>
         <subfield code="e">joint author.</subfield>
      </datafield>
      <datafield tag="700" ind1="1" ind2=" ">
         <subfield code="a">Donahue, Jack,</subfield>
         <subfield code="d">1938-</subfield>
         <subfield code="e">contributor.</subfield>
      </datafield>
      <datafield tag="700" ind1="1" ind2=" ">
         <subfield code="a">Harlan, Jack R.</subfield>
         <subfield code="q">(Jack Rodney)</subfield>
         <subfield code="e">contributor.</subfield>
      </datafield>
      <datafield tag="700" ind1="1" ind2=" ">
         <subfield code="a">McCreery, David W.</subfield>
         <subfield code="e">contributor.</subfield>
      </datafield>
      <datafield tag="700" ind1="1" ind2=" ">
         <subfield code="a">Short, Susan K.</subfield>
         <subfield code="e">contributor.</subfield>
      </datafield>
      <datafield tag="700" ind1="1" ind2=" ">
         <subfield code="a">McConaughy, Mark A.</subfield>
         <subfield code="e">contributor.</subfield>
      </datafield>
      <datafield tag="700" ind1="1" ind2=" ">
         <subfield code="a">Maddin, Robert</subfield>
         <subfield code="e">contributor.</subfield>
      </datafield>
      <datafield tag="700" ind1="1" ind2=" ">
         <subfield code="a">Muhly, James David</subfield>
         <subfield code="e">contributor.</subfield>
      </datafield>
      <datafield tag="700" ind1="1" ind2=" ">
         <subfield code="a">Stech, Tamara</subfield>
         <subfield code="e">contributor.</subfield>
      </datafield>
      <datafield tag="700" ind1="1" ind2=" ">
         <subfield code="a">Lapp, Nancy L.,</subfield>
         <subfield code="d">1930-</subfield>
         <subfield code="e">contributor.</subfield>
      </datafield>
      <datafield tag="700" ind1="1" ind2=" ">
         <subfield code="a">Broeder, Nancy H.,</subfield>
         <subfield code="e">contributor.</subfield>
      </datafield>
      <datafield tag="700" ind1="1" ind2=" ">
         <subfield code="a">Skinner, H. Catherine W.</subfield>
         <subfield code="e">contributor.</subfield>
      </datafield>
      <datafield tag="700" ind1="1" ind2=" ">
         <subfield code="a">Adovasio, J. M.</subfield>
         <subfield code="e">contributor.</subfield>
      </datafield>
      <datafield tag="700" ind1="1" ind2=" ">
         <subfield code="a">Andrews, R. L.</subfield>
         <subfield code="e">contributor.</subfield>
      </datafield>
      <datafield tag="700" ind1="1" ind2=" ">
         <subfield code="a">Illingworth, J. S.</subfield>
         <subfield code="q">(Jeffrey S.)</subfield>
         <subfield code="e">contributor.</subfield>
      </datafield>
      <datafield tag="700" ind1="1" ind2=" ">
         <subfield code="a">Pappas, C. A.</subfield>
         <subfield code="q">(Christina A.)</subfield>
         <subfield code="e">contributor.</subfield>
      </datafield>
      <datafield tag="700" ind1="1" ind2=" ">
         <subfield code="a">Oliver, E. A.,</subfield>
         <subfield code="e">contributor.</subfield>
      </datafield>
      <datafield tag="700" ind1="1" ind2=" ">
         <subfield code="a">Lee, John R.,</subfield>
         <subfield code="d">1927-</subfield>
         <subfield code="e">contributor.</subfield>
      </datafield>
      <datafield tag="700" ind1="1" ind2=" ">
         <subfield code="a">Weinstein, James Morris,</subfield>
         <subfield code="d">1943-</subfield>
         <subfield code="e">contributor.</subfield>
      </datafield>
      <datafield tag="710" ind1="2" ind2=" ">
         <subfield code="a">Shelby White and Leon Levy Program for Archaeological Publications (Firm)</subfield>
         <subfield code="e">sponsoring body.</subfield>
      </datafield>
      <datafield tag="797" ind1="2" ind2=" ">
         <subfield code="a">White Levy Program Collection.</subfield>
      </datafield>
      <datafield tag="797" ind1="2" ind2=" ">
         <subfield code="a">WLP Collection.</subfield>
      </datafield>
      <datafield tag="830" ind1=" " ind2="0">
         <subfield code="a">Reports of the Expedition to the Dead Sea Plain, Jordan ;</subfield>
         <subfield code="v">v. 2.</subfield>
      </datafield>
      <datafield tag="994" ind1=" " ind2=" ">
         <subfield code="a">Z0</subfield>
         <subfield code="b">ZYU</subfield>
      </datafield>
      <datafield tag="OWN" ind1=" " ind2=" ">
         <subfield code="a">GENERAL</subfield>
      </datafield>
      <datafield tag="AVA" ind1=" " ind2=" ">
         <subfield code="a">NYU50</subfield>
         <subfield code="b">NISAW</subfield>
         <subfield code="c">Large Collection</subfield>
         <subfield code="d">DS154.9.D38 E9 1989 vol. 2</subfield>
         <subfield code="e">available</subfield>
         <subfield code="t">Available</subfield>
         <subfield code="f">2</subfield>
         <subfield code="g">0</subfield>
         <subfield code="h">Y</subfield>
         <subfield code="i">0</subfield>
         <subfield code="j">LARGE</subfield>
         <subfield code="k">0</subfield>
      </datafield>
      <marc:datafield tag="852" ind1=" " ind2=" ">
         <marc:subfield code="b">Institute for the Study of the Ancient World, </marc:subfield>
         <marc:subfield code="c">Large Collection</marc:subfield>
         <marc:subfield code="e">15 East 84th St., </marc:subfield>
         <marc:subfield code="e">New York, NY  10028</marc:subfield>
      </marc:datafield>
   </record>