
  
  
  
  
  
 
  
  <record xsi:schemaLocation="http://www.loc.gov/MARC21/slim http://www.loc.gov/standards/marcxml/schema/MARC21slim.xsd">
      <leader>00000nam a22003494a 45M</leader>
      <controlfield tag="FMT">BK</controlfield>
      <controlfield tag="LDR">00000nam a22003494a 45M</controlfield>
      <controlfield tag="001">000724403</controlfield>
      <controlfield tag="003">NNU</controlfield>
      <controlfield tag="005">20150422135259.0</controlfield>
      <controlfield tag="008">000404m19999999is ab    b    100 0 eng</controlfield>
      <datafield tag="010" ind1=" " ind2=" ">
         <subfield code="a">00292082</subfield>
      </datafield>
      <datafield tag="035" ind1="9" ind2=" ">
         <subfield code="a">NYUb12510653</subfield>
      </datafield>
      <datafield tag="035" ind1=" " ind2=" ">
         <subfield code="a">(CStRLIN)DCLC00292082-B</subfield>
      </datafield>
      <datafield tag="040" ind1=" " ind2=" ">
         <subfield code="a">DLC</subfield>
         <subfield code="c">DLC</subfield>
         <subfield code="d">DLC</subfield>
         <subfield code="d">NNU</subfield>
      </datafield>
      <datafield tag="041" ind1="0" ind2=" ">
         <subfield code="a">eng</subfield>
         <subfield code="a">heb</subfield>
      </datafield>
      <datafield tag="042" ind1=" " ind2=" ">
         <subfield code="a">pcc</subfield>
      </datafield>
      <datafield tag="050" ind1="0" ind2="0">
         <subfield code="a">BM30</subfield>
         <subfield code="b">.W6 1997</subfield>
      </datafield>
      <datafield tag="082" ind1="0" ind2="0">
         <subfield code="a">296/.09</subfield>
         <subfield code="2">21</subfield>
      </datafield>
      <datafield tag="111" ind1="2" ind2=" ">
         <subfield code="a">World Congress of Jewish Studies</subfield>
         <subfield code="n">(12th :</subfield>
         <subfield code="d">1997 :</subfield>
         <subfield code="c">Jerusalem)</subfield>
      </datafield>
      <datafield tag="245" ind1="1" ind2="0">
         <subfield code="a">Proceedings of the Twelfth World Congress of Jewish Studies :</subfield>
         <subfield code="b">Jerusalem, July 29-August 5, 1997 /</subfield>
         <subfield code="c">proceedings editor, Ron Margolin.</subfield>
      </datafield>
      <datafield tag="246" ind1="1" ind2="5">
         <subfield code="a">Divre ha-Ḳongres ha-ʻolami ha-shenem-ʻaśar le-madaʻe ha-Yahadut</subfield>
      </datafield>
      <datafield tag="260" ind1=" " ind2=" ">
         <subfield code="a">Jerusalem :</subfield>
         <subfield code="b">World Union of Jewish Studies,</subfield>
         <subfield code="c">1999-</subfield>
      </datafield>
      <datafield tag="300" ind1=" " ind2=" ">
         <subfield code="a">v. :</subfield>
         <subfield code="b">ill., maps ;</subfield>
         <subfield code="c">24 cm.</subfield>
      </datafield>
      <datafield tag="500" ind1=" " ind2=" ">
         <subfield code="a">"0333-9068"--T.p. verso.</subfield>
      </datafield>
      <datafield tag="546" ind1=" " ind2=" ">
         <subfield code="a">Text in English and Hebrew.</subfield>
      </datafield>
      <datafield tag="504" ind1=" " ind2=" ">
         <subfield code="a">Includes bibliographical references.</subfield>
      </datafield>
      <datafield tag="505" ind1="1" ind2="0">
         <subfield code="g">Division A.</subfield>
         <subfield code="t">The Bible and its world --</subfield>
         <subfield code="g">Division B.</subfield>
         <subfield code="t">History of the Jewish People --</subfield>
         <subfield code="g">Division E.</subfield>
         <subfield code="t">Contemporary Jewish society.</subfield>
      </datafield>
      <datafield tag="505" ind1="1" ind2="0">
         <subfield code="g">Division A.</subfield>
         <subfield code="t">The Bible and its world.</subfield>
         <subfield code="g">English section.</subfield>
         <subfield code="t">Canon and Canonization in Mesopotamia: Assyriological Models or Ancient Realities? /</subfield>
         <subfield code="r">Victor Avigdor Hurowitz --</subfield>
         <subfield code="t">Emergence and Intention of Canonical Criticism /</subfield>
         <subfield code="r">Rolf Rendtorff --</subfield>
         <subfield code="t">The Relevance of Biblical Hebrew Linguistics for the Historical Study of Ancient Israel /</subfield>
         <subfield code="r">Avi Hurvitz --</subfield>
         <subfield code="t">Can the Persian Period Bear the Burden? Reflections on the Origins of Biblical History /</subfield>
         <subfield code="r">Sara Japhet --</subfield>
         <subfield code="t">The God of Israel and the Gods of Canaan: How Different Were They? /</subfield>
         <subfield code="r">Edward L. Greenstein --</subfield>
         <subfield code="t">The Second Coming of Moses: Deuteronomy and the Construction of Israelite Identity /</subfield>
         <subfield code="r">Robert L. Cohn --</subfield>
         <subfield code="t">The Relevance of Rabbinic Sources to the Study of Qumran Law /</subfield>
         <subfield code="r">Joseph M. Baumgarten --</subfield>
         <subfield code="t">Scenes of Eternity: Biblical Scholars and Notions of "Holy Land" /</subfield>
         <subfield code="r">Burke O. Long --</subfield>
         <subfield code="t">Comparison and contrast between the two laws of the Altar /</subfield>
         <subfield code="r">Paul Heger --</subfield>
         <subfield code="t">Jubilee and the Day of Atonement /</subfield>
         <subfield code="r">Jonathan D. Safren --</subfield>
         <subfield code="t">Writing the "Wrongness" of Women: A Literary Device to Teach Men To Be Better? /</subfield>
         <subfield code="r">Heather A. McKay --</subfield>
         <subfield code="t">Creation-Uncreation, Reflection of Reversal Motifs in Genesis 9:18-24 (25-29) /</subfield>
         <subfield code="r">H.A.J. Kruger --</subfield>
         <subfield code="t">Jerusalem in the Book of Chronicles /</subfield>
         <subfield code="r">Norbert Dennerlein --</subfield>
         <subfield code="t">The Shaping of the Landscape of Jerusalem, the Hills and the Desert by the Israelites /</subfield>
         <subfield code="r">Menashe Har-El --</subfield>
         <subfield code="t">The Psalms of Ascents: A Late Festival Recovered? /</subfield>
         <subfield code="r">Alastair G. Hunter --</subfield>
         <subfield code="t">The Empowerment of Rachel in the Book of Jubilees /</subfield>
         <subfield code="r">Betsy Halpern-Amaru --</subfield>
         <subfield code="t">Psalm 122 in the Old Testament, in Jewish Tradition, and in Modern Times /</subfield>
         <subfield code="r">Matthias Augustin --</subfield>
         <subfield code="t">Biblical Interpretation and Historiography in the Second Temple Period /</subfield>
         <subfield code="r">Isaiah Teshima --</subfield>
         <subfield code="t">Calendric Aspects in a Recently Discovered Jewish-Christian Apocryphon /</subfield>
         <subfield code="r">Andrzej Strus --</subfield>
         <subfield code="t">Method in the Study of Early Christianity as a Jewish Sect /</subfield>
         <subfield code="r">Robert Crotty --</subfield>
      </datafield>
      <datafield tag="505" ind1="8" ind2="0">
         <subfield code="t">Mephistopheles - A Biblical Hebrew Name? /</subfield>
         <subfield code="r">Yehuda T. Radday --</subfield>
         <subfield code="t">The Royal Garden in the Great Royal Palace of Ugarit: To the Interpretation of the Sacral Aspect of the Royality in the Ancient Palestine and Syria /</subfield>
         <subfield code="r">Ksenia Starodoub-Scharr --</subfield>
         <subfield code="t">The Choice Produce of the Land According to Sa'adia Gaon /</subfield>
         <subfield code="r">Zohar Amar.</subfield>
         <subfield code="g">Hebrew section.</subfield>
         <subfield code="t">The Assembly at Shechem (Joshua 24): The Story and Its Origin /</subfield>
         <subfield code="r">Alberto Soggin --</subfield>
         <subfield code="t">The Assembly at Shechem (Joshua 24): The Story and Its Origin /</subfield>
         <subfield code="r">Moshe Anbar --</subfield>
         <subfield code="t">Comments on Moshe Anbar's Book about Joshua and the Covenant at Shechem /</subfield>
         <subfield code="r">David Sperling --</subfield>
         <subfield code="t">The Assembly at Shechem (Joshua 24,1-28,31): The Text, Literature and History /</subfield>
         <subfield code="r">Alexander Rofe --</subfield>
         <subfield code="t">Radak vs. Ibn Ezra: A New Approach to "Derekh Mashal" in the Bible /</subfield>
         <subfield code="r">Mordechai Cohen --</subfield>
         <subfield code="t">The Criticism of Jehuda Ibn Balaam of Moshe Ibn Gikatila according to New Fragments of Their Commentaries on the Psalms /</subfield>
         <subfield code="r">Maaravi Perez --</subfield>
         <subfield code="t">The "Midrash Elziani" of R. Avraham B. Shlomo on the Minor Prophets /</subfield>
         <subfield code="r">Eliezer Schlossberg --</subfield>
         <subfield code="t">More on the Subject "Behemot and Leviathan" in God's Second Lecture to Job /</subfield>
         <subfield code="r">Matityahu Cohen --</subfield>
         <subfield code="t">Biography as a Literary Genre in the Bible /</subfield>
         <subfield code="r">Michael Avioz --</subfield>
         <subfield code="t">[Shma] and [rah] as a Pair of Leitwörter /</subfield>
         <subfield code="r">Amos Frisch --</subfield>
         <subfield code="t">The Shiloh Theophany (1 Samuel 3): A Case Study of the Liminal Report /</subfield>
         <subfield code="r">Ruth Fidler --</subfield>
         <subfield code="t">The Dispute about the Ark of the Covenant in the Days of Josiah /</subfield>
         <subfield code="r">Yehuda Elizur --</subfield>
         <subfield code="t">Formation of the Babylonian Yehud Provinces /</subfield>
         <subfield code="r">Oded Lifshitz --</subfield>
         <subfield code="t">"In those days there was no king in Israel; everyone did as he please" (Judges 21:25): Was There Really Anarchy? /</subfield>
         <subfield code="r">Amnon Shapira --</subfield>
         <subfield code="t">The Development of the Tamid Offering and Its Place in the Priestly Calendar of Sacrifices /</subfield>
         <subfield code="r">Shimon Bar-On --</subfield>
         <subfield code="t">The Nature of the Priestly Narrative in the Pentateuch /</subfield>
         <subfield code="r">David Frankel --</subfield>
         <subfield code="t">Murder and Ransom (According to Neo-Assyrian Documents) /</subfield>
         <subfield code="r">Ayala Mishaly --</subfield>
      </datafield>
      <datafield tag="505" ind1="8" ind2="0">
         <subfield code="t">The "Repentance" in the Dead Sea Scrolls /</subfield>
         <subfield code="r">Bilhah Nitzan --</subfield>
         <subfield code="t">"I Am that I Am" (Exodus 3:14) as a Basis for a Philosophical Ontology According to Philo Alexandrius /</subfield>
         <subfield code="r">Jean-Georges Kahn.</subfield>
      </datafield>
      <datafield tag="500" ind1=" " ind2=" ">
         <subfield code="a">ISAW copy (v.1) is from the library of Hayim and Miriam Tadmor.</subfield>
         <subfield code="5">NNU</subfield>
      </datafield>
      <datafield tag="650" ind1=" " ind2="0">
         <subfield code="a">Judaism</subfield>
         <subfield code="x">History</subfield>
         <subfield code="v">Congresses.</subfield>
      </datafield>
      <datafield tag="650" ind1=" " ind2="0">
         <subfield code="a">Jews</subfield>
         <subfield code="x">History</subfield>
         <subfield code="v">Congresses.</subfield>
      </datafield>
      <datafield tag="630" ind1="0" ind2="0">
         <subfield code="a">Bible.</subfield>
         <subfield code="p">O.T.</subfield>
         <subfield code="x">Criticism, interpretation, etc.</subfield>
         <subfield code="v">Congresses.</subfield>
      </datafield>
      <datafield tag="650" ind1=" " ind2="0">
         <subfield code="a">Hebrew philology</subfield>
         <subfield code="v">Congresses.</subfield>
      </datafield>
      <datafield tag="650" ind1=" " ind2="0">
         <subfield code="a">Jews</subfield>
         <subfield code="x">Civilization</subfield>
         <subfield code="v">Congresses.</subfield>
      </datafield>
      <datafield tag="650" ind1=" " ind2="0">
         <subfield code="a">Jews</subfield>
         <subfield code="x">Folklore</subfield>
         <subfield code="v">Congresses.</subfield>
      </datafield>
      <datafield tag="796" ind1="1" ind2=" ">
         <subfield code="a">Tadmor, Hayim,</subfield>
         <subfield code="e">former owner.</subfield>
      </datafield>
      <datafield tag="796" ind1="1" ind2=" ">
         <subfield code="a">Tadmor, Miriam,</subfield>
         <subfield code="e">former owner.</subfield>
      </datafield>
      <datafield tag="797" ind1="2" ind2=" ">
         <subfield code="a">Tadmor Collection.</subfield>
      </datafield>
      <datafield tag="700" ind1="1" ind2=" ">
         <subfield code="a">Margolin, Ron.</subfield>
      </datafield>
      <datafield tag="OWN" ind1=" " ind2=" ">
         <subfield code="a">GENERAL</subfield>
      </datafield>
      <datafield tag="AVA" ind1=" " ind2=" ">
         <subfield code="a">NYU50</subfield>
         <subfield code="b">BOBST</subfield>
         <subfield code="c">Main Collection</subfield>
         <subfield code="d">BM30 .W65 1997</subfield>
         <subfield code="e">available</subfield>
         <subfield code="t">Available</subfield>
         <subfield code="f">3</subfield>
         <subfield code="g">0</subfield>
         <subfield code="h">Y</subfield>
         <subfield code="i">2</subfield>
         <subfield code="j">MAIN</subfield>
         <subfield code="k">0</subfield>
      </datafield>
      <datafield tag="AVA" ind1=" " ind2=" ">
         <subfield code="a">NYU50</subfield>
         <subfield code="b">NISAW</subfield>
         <subfield code="c">Small Collection</subfield>
         <subfield code="d">BM30 .W6 1997</subfield>
         <subfield code="e">available</subfield>
         <subfield code="t">Available</subfield>
         <subfield code="f">1</subfield>
         <subfield code="g">0</subfield>
         <subfield code="h">Y</subfield>
         <subfield code="i">0</subfield>
         <subfield code="j">SMALL</subfield>
         <subfield code="k">0</subfield>
      </datafield>
      <marc:datafield tag="852" ind1=" " ind2=" ">
         <marc:subfield code="b">Institute for the Study of the Ancient World, </marc:subfield>
         <marc:subfield code="c">Small Collection</marc:subfield>
         <marc:subfield code="e">15 East 84th St., </marc:subfield>
         <marc:subfield code="e">New York, NY  10028</marc:subfield>
      </marc:datafield>
   </record>