
  
  
  
  
  
  
  
 
  
  <record xsi:schemaLocation="http://www.loc.gov/MARC21/slim http://www.loc.gov/standards/marcxml/schema/MARC21slim.xsd">
      <leader>00000cam a2200649 a 4500</leader>
      <controlfield tag="FMT">BK</controlfield>
      <controlfield tag="LDR">00000cam a2200649 a 4500</controlfield>
      <controlfield tag="001">004131397</controlfield>
      <controlfield tag="003">OCoLC</controlfield>
      <controlfield tag="005">20150423103653.0</controlfield>
      <controlfield tag="008">970508s1996    it ab    b    100 0 ita</controlfield>
      <datafield tag="010" ind1=" " ind2=" ">
         <subfield code="a">97149275</subfield>
      </datafield>
      <datafield tag="035" ind1=" " ind2=" ">
         <subfield code="a">(OCoLC)38431475</subfield>
         <subfield code="z">(OCoLC)38403326</subfield>
         <subfield code="z">(OCoLC)416726951</subfield>
      </datafield>
      <datafield tag="040" ind1=" " ind2=" ">
         <subfield code="a">DLC</subfield>
         <subfield code="b">eng</subfield>
         <subfield code="c">DLC</subfield>
         <subfield code="d">LVB</subfield>
         <subfield code="d">CGU</subfield>
         <subfield code="d">OCLCO</subfield>
         <subfield code="d">OCLCF</subfield>
         <subfield code="d">OCLCQ</subfield>
         <subfield code="d">OCLCO</subfield>
         <subfield code="d">NNU</subfield>
      </datafield>
      <datafield tag="041" ind1="0" ind2=" ">
         <subfield code="a">eng</subfield>
         <subfield code="a">fre</subfield>
         <subfield code="a">ger</subfield>
         <subfield code="a">ita</subfield>
         <subfield code="a">rus</subfield>
      </datafield>
      <datafield tag="042" ind1=" " ind2=" ">
         <subfield code="a">lccopycat</subfield>
      </datafield>
      <datafield tag="043" ind1=" " ind2=" ">
         <subfield code="a">a-ir---</subfield>
         <subfield code="a">ac-----</subfield>
      </datafield>
      <datafield tag="050" ind1="0" ind2="0">
         <subfield code="a">DS328.2</subfield>
         <subfield code="b">.C66 1994</subfield>
      </datafield>
      <datafield tag="082" ind1="0" ind2="0">
         <subfield code="a">958/.01</subfield>
         <subfield code="2">21</subfield>
      </datafield>
      <datafield tag="111" ind1="2" ind2=" ">
         <subfield code="a">Convegno internazionale sul tema: La Persia e l'Asia centrale da Alessandro al X secolo</subfield>
         <subfield code="d">(1994 :</subfield>
         <subfield code="c">Rome, Italy)</subfield>
      </datafield>
      <datafield tag="245" ind1="1" ind2="0">
         <subfield code="a">Convegno internazionale sul tema: La Persia e l'Asia centrale da Alessandro al X secolo /</subfield>
         <subfield code="c">in collaborazione con l'Istituto italiano per il Medio ed Estremo Oriente (Roma, 9-12 novembre 1994).</subfield>
      </datafield>
      <datafield tag="246" ind1="3" ind2=" ">
         <subfield code="a">Persia e l'Asia centrale da Alessandro al X secolo</subfield>
      </datafield>
      <datafield tag="246" ind1="3" ind2=" ">
         <subfield code="a">Persia e l'Asia centrale da Alessandro al decimo secolo</subfield>
      </datafield>
      <datafield tag="246" ind1="3" ind2=" ">
         <subfield code="a">Convegno internazionale sul tema la Persia e l'Asia centrale da Alessandro al decimo secolo :</subfield>
      </datafield>
      <datafield tag="260" ind1=" " ind2=" ">
         <subfield code="a">Roma :</subfield>
         <subfield code="b">Accademia nazionale dei Lincei,</subfield>
         <subfield code="c">1996.</subfield>
      </datafield>
      <datafield tag="300" ind1=" " ind2=" ">
         <subfield code="a">711 pages :</subfield>
         <subfield code="b">illustrations, maps ;</subfield>
         <subfield code="c">28 cm.</subfield>
      </datafield>
      <datafield tag="336" ind1=" " ind2=" ">
         <subfield code="a">text</subfield>
         <subfield code="b">txt</subfield>
         <subfield code="2">rdacontent</subfield>
      </datafield>
      <datafield tag="337" ind1=" " ind2=" ">
         <subfield code="a">unmediated</subfield>
         <subfield code="b">n</subfield>
         <subfield code="2">rdamedia</subfield>
      </datafield>
      <datafield tag="338" ind1=" " ind2=" ">
         <subfield code="a">volume</subfield>
         <subfield code="b">nc</subfield>
         <subfield code="2">rdacarrier</subfield>
      </datafield>
      <datafield tag="490" ind1="1" ind2=" ">
         <subfield code="a">Atti dei convegni lincei,</subfield>
         <subfield code="x">0391-805X ;</subfield>
         <subfield code="v">127</subfield>
      </datafield>
      <datafield tag="546" ind1=" " ind2=" ">
         <subfield code="a">Italian, English, French, German, and Russian.</subfield>
      </datafield>
      <datafield tag="504" ind1=" " ind2=" ">
         <subfield code="a">Includes bibliographical references.</subfield>
      </datafield>
      <datafield tag="505" ind1="0" ind2="0">
         <subfield code="t">Parole di saluto del Presidente dell'Accademia Nazionale dei Lincei /</subfield>
         <subfield code="r">S. Moscati --</subfield>
         <subfield code="t">Parole di saluto del Presidente dell'IsMEO /</subfield>
         <subfield code="r">G. Gnoli --</subfield>
         <subfield code="t">Parole di saluto del Direttore della "Collection des Sources pour l'histoire de l'Asie Centrale pré-islamique" /</subfield>
         <subfield code="r">Ph. Gignoux --</subfield>
         <subfield code="t">La mediazione dell'Iran tra l'Europa e l'Asia /</subfield>
         <subfield code="r">G. Pugliese Carratelli.</subfield>
         <subfield code="t">FILOLOGIA E LINGUISTICA.</subfield>
         <subfield code="t">Alexander according to an old Turkish legend /</subfield>
         <subfield code="r">P. Zieme --</subfield>
         <subfield code="t">Une nouvelle jarre inscrite en syriaque d'Asie Centrale /</subfield>
         <subfield code="r">Ph. Gignoux --</subfield>
         <subfield code="t">A helping hand from Central Asia /</subfield>
         <subfield code="r">I. Gershevitch --</subfield>
         <subfield code="t">From Babylon to China: astrological and epistolary formulae across two millennia /</subfield>
         <subfield code="r">N. Sims-Williams --</subfield>
         <subfield code="t">Khotanais Sāna- 'ennemi' /</subfield>
         <subfield code="r">J. Duchesne-Guillemin --</subfield>
         <subfield code="t">Perception et symbologie des couleurs dans le monde iranien et d'Asie Centrale /</subfield>
         <subfield code="r">A.V. Rossi --</subfield>
         <subfield code="t">Three fragments of Sogdian letters and documents /</subfield>
         <subfield code="r">W. Sundermann --</subfield>
         <subfield code="t">Khotanese Mūrahaṃga and other Haṃgas /</subfield>
         <subfield code="r">R.E. Emmerick --</subfield>
         <subfield code="t">A Chinese-Khotanese excerpt from the Mahasahasrapramardani /</subfield>
         <subfield code="r">M. Maggi --</subfield>
         <subfield code="t">Two new ostraka from Nisa /</subfield>
         <subfield code="r">E. Morano.</subfield>
      </datafield>
      <datafield tag="505" ind1="8" ind2="0">
         <subfield code="t">STORIA.</subfield>
         <subfield code="t">Le Khorassan aux XIVe-XVIe siècles: la littérature savante comme expression de l'unité avec la Transoxiane /</subfield>
         <subfield code="r">M. Szuppe --</subfield>
         <subfield code="t">Arachosia in Ptolemy's Geography /</subfield>
         <subfield code="r">H. Humbach --</subfield>
         <subfield code="t">The toponym 'Six Villages' according to Khotanese business documents /</subfield>
         <subfield code="r">M.I. Vorobyova-Desyatovskaya --</subfield>
         <subfield code="t">Les debuts de l'Etat parthe et ses contacts avec l'Asie Centrale /</subfield>
         <subfield code="r">J. Wolski --</subfield>
         <subfield code="t">On the identity of Aluohan (616-710) a Persian aristocrat at the Chinese Court /</subfield>
         <subfield code="r">A. Forte --</subfield>
         <subfield code="t">Art and religion in Central Asian history /</subfield>
         <subfield code="r">R.N. Frye --</subfield>
         <subfield code="t">Une trajectoire d'Ouest en Est sur la Route de la Soie: La diffusion du coton dans l'Asie Centrale sinisée (6-10 siècles) /</subfield>
         <subfield code="r">E. Trombert --</subfield>
         <subfield code="t">The role of long distance trade in connection of China with the Western countries (Hsi-yu) /</subfield>
         <subfield code="r">I. Ecsedy.</subfield>
      </datafield>
      <datafield tag="505" ind1="8" ind2="0">
         <subfield code="t">ARCHEOLOGIA .</subfield>
         <subfield code="t">Archaeological research in Old Nisa, 1990-1994 /</subfield>
         <subfield code="r">A. Invernizzi --</subfield>
         <subfield code="t">Parthian ostraca from Nisa: some historical data /</subfield>
         <subfield code="r">A. Bader --</subfield>
         <subfield code="t">Bilan des travaux de la Mafouz de Bactriane (Mission Archéologique Franco-Ouzbèque de Bactriane Septentrionale) /</subfield>
         <subfield code="r">P. Leriche, T. Annaev --</subfield>
         <subfield code="t">Evolution of the settlement patterns in the Merv oasis (Turkmenistan) from Alexander the Great to Arab conquest /</subfield>
         <subfield code="r">G. Koshelenko, V. Gaibov, A. Bader --</subfield>
         <subfield code="t">[Iroiskhozhdenie iranskikh khramov ogi i͡a] /</subfield>
         <subfield code="r">[V.I. Sarianidi] --</subfield>
         <subfield code="t">Maracanda-Afrasiab colonie Grecque /</subfield>
         <subfield code="r">P. Bernard --</subfield>
         <subfield code="t">Crise et sortie de crise en Bactriane-Sogdiane aux IVe-Ve siècles: de l'héritage antique à l'adoption de modèles sassanides /</subfield>
         <subfield code="r">F. Grenet --</subfield>
         <subfield code="t">Hephthalites in Margiana? New evidence from the Buddhist relics in Merv /</subfield>
         <subfield code="r">P. Callieri --</subfield>
         <subfield code="t">The Iranian Empires and Central Asia: an archaeological perspective /</subfield>
         <subfield code="r">B. Genito.</subfield>
      </datafield>
      <datafield tag="505" ind1="8" ind2="0">
         <subfield code="t">STORIA DELL'ARTE.</subfield>
         <subfield code="t">New discoveries in Pendjikent and a problem of comparative study of Sasanian and Sogdian art /</subfield>
         <subfield code="r">B.I. Marshak --</subfield>
         <subfield code="t">Il tema del banchetto nella pittura dell'Asia Centrale /</subfield>
         <subfield code="r">C. Silvi Antonini --</subfield>
         <subfield code="t">The horizontal-handled mirror in Iran and Central Asia: occurrences and origin /</subfield>
         <subfield code="r">J. Lerner --</subfield>
         <subfield code="t">Some remarks on canopies in Bamiyan /</subfield>
         <subfield code="r">D.E. Klimburg-Salter --</subfield>
         <subfield code="t">Sasanian 'apron-shirt' and the date of the two marble statues of Surya from Khair Khaneh /</subfield>
         <subfield code="r">K. Tanabe.</subfield>
         <subfield code="t">NUMISMATICA.</subfield>
         <subfield code="t">Alchon und Nēzak zur Geschichte der iranischen Hunnen in Mittelasien /</subfield>
         <subfield code="r">M. Alram --</subfield>
         <subfield code="t">Successo euroasiatico dell'etnico 'Unni' /</subfield>
         <subfield code="r">S. Parlato.</subfield>
      </datafield>
      <datafield tag="505" ind1="8" ind2="0">
         <subfield code="t">STORIA DELL'ARTE.</subfield>
         <subfield code="t">New discoveries in Pendjikent and a problem of comparative study of Sasanian and Sogdian art /</subfield>
         <subfield code="r">B.I. Marshak --</subfield>
         <subfield code="t">Il tema del banchetto nella pittura dell'Asia Centrale /</subfield>
         <subfield code="r">C. Silvi Antonini --</subfield>
         <subfield code="t">The horizontal-handled mirror in Iran and Central Asia: occurrences and origin /</subfield>
         <subfield code="r">J. Lerner --</subfield>
         <subfield code="t">Some remarks on canopies in Bamiyan /</subfield>
         <subfield code="r">D.E. Klimburg-Salter --</subfield>
         <subfield code="t">Sasanian 'apron-shirt' and the date of the two marble statues of Surya from Khair Khaneh /</subfield>
         <subfield code="r">K. Tanabe.</subfield>
         <subfield code="t">NUMISMATICA.</subfield>
         <subfield code="t">Alchon und Nēzak zur Geschichte der iranischen Hunnen in Mittelasien /</subfield>
         <subfield code="r">M. Alram --</subfield>
         <subfield code="t">Successo euroasiatico dell'etnico 'Unni' /</subfield>
         <subfield code="r">S. Parlato.</subfield>
      </datafield>
      <datafield tag="651" ind1=" " ind2="0">
         <subfield code="a">Asia, Central</subfield>
         <subfield code="x">Civilization</subfield>
         <subfield code="v">Congresses.</subfield>
      </datafield>
      <datafield tag="651" ind1=" " ind2="0">
         <subfield code="a">Iran</subfield>
         <subfield code="x">Civilization</subfield>
         <subfield code="v">Congresses.</subfield>
      </datafield>
      <datafield tag="651" ind1=" " ind2="0">
         <subfield code="a">Asia, Central</subfield>
         <subfield code="x">Antiquities</subfield>
         <subfield code="v">Congresses.</subfield>
      </datafield>
      <datafield tag="651" ind1=" " ind2="0">
         <subfield code="a">Iran</subfield>
         <subfield code="x">Antiquities</subfield>
         <subfield code="v">Congresses.</subfield>
      </datafield>
      <datafield tag="650" ind1=" " ind2="7">
         <subfield code="a">Antiquities.</subfield>
         <subfield code="2">fast</subfield>
         <subfield code="0">(OCoLC)fst00810745</subfield>
      </datafield>
      <datafield tag="650" ind1=" " ind2="7">
         <subfield code="a">Civilization.</subfield>
         <subfield code="2">fast</subfield>
         <subfield code="0">(OCoLC)fst00862898</subfield>
      </datafield>
      <datafield tag="651" ind1=" " ind2="7">
         <subfield code="a">Asia, Central.</subfield>
         <subfield code="2">fast</subfield>
         <subfield code="0">(OCoLC)fst01240497</subfield>
      </datafield>
      <datafield tag="651" ind1=" " ind2="7">
         <subfield code="a">Iran.</subfield>
         <subfield code="2">fast</subfield>
         <subfield code="0">(OCoLC)fst01204889</subfield>
      </datafield>
      <datafield tag="655" ind1=" " ind2="7">
         <subfield code="a">Conference proceedings.</subfield>
         <subfield code="2">fast</subfield>
         <subfield code="0">(OCoLC)fst01423772</subfield>
      </datafield>
      <datafield tag="710" ind1="2" ind2=" ">
         <subfield code="a">Istituto italiano per il Medio ed Estremo Oriente.</subfield>
      </datafield>
      <datafield tag="710" ind1="2" ind2=" ">
         <subfield code="a">Accademia nazionale dei Lincei.</subfield>
      </datafield>
      <datafield tag="830" ind1=" " ind2="0">
         <subfield code="a">Atti dei convegni lincei ;</subfield>
         <subfield code="v">127.</subfield>
         <subfield code="x">0391-805X</subfield>
      </datafield>
      <datafield tag="994" ind1=" " ind2=" ">
         <subfield code="a">Z0</subfield>
         <subfield code="b">ZYU</subfield>
      </datafield>
      <datafield tag="OWN" ind1=" " ind2=" ">
         <subfield code="a">GENERAL</subfield>
      </datafield>
      <datafield tag="AVA" ind1=" " ind2=" ">
         <subfield code="a">NYU50</subfield>
         <subfield code="b">NISAW</subfield>
         <subfield code="c">Large Collection</subfield>
         <subfield code="d">DS328.2 .C66 1994</subfield>
         <subfield code="e">available</subfield>
         <subfield code="t">Available</subfield>
         <subfield code="f">1</subfield>
         <subfield code="g">0</subfield>
         <subfield code="h">N</subfield>
         <subfield code="i">0</subfield>
         <subfield code="j">LARGE</subfield>
         <subfield code="k">0</subfield>
      </datafield>
      <marc:datafield tag="852" ind1=" " ind2=" ">
         <marc:subfield code="b">Institute for the Study of the Ancient World, </marc:subfield>
         <marc:subfield code="c">Large Collection</marc:subfield>
         <marc:subfield code="e">15 East 84th St., </marc:subfield>
         <marc:subfield code="e">New York, NY  10028</marc:subfield>
      </marc:datafield>
   </record>