
  
  
  
  
  
  
 
  
  <record xsi:schemaLocation="http://www.loc.gov/MARC21/slim http://www.loc.gov/standards/marcxml/schema/MARC21slim.xsd">
      <leader>00000pam a22002894a 45M</leader>
      <controlfield tag="FMT">BK</controlfield>
      <controlfield tag="LDR">00000pam a22002894a 45M</controlfield>
      <controlfield tag="001">001010086</controlfield>
      <controlfield tag="003">NNU</controlfield>
      <controlfield tag="005">20150424120156.0</controlfield>
      <controlfield tag="008">030602s2003    inuab    b    001 0 eng</controlfield>
      <datafield tag="010" ind1=" " ind2=" ">
         <subfield code="a">2003012571</subfield>
      </datafield>
      <datafield tag="020" ind1=" " ind2=" ">
         <subfield code="a">1575060833</subfield>
      </datafield>
      <datafield tag="035" ind1="9" ind2=" ">
         <subfield code="a">NYUb12826608</subfield>
      </datafield>
      <datafield tag="035" ind1=" " ind2=" ">
         <subfield code="a">(DLC) 2003012571</subfield>
      </datafield>
      <datafield tag="040" ind1=" " ind2=" ">
         <subfield code="a">DLC</subfield>
         <subfield code="c">DLC</subfield>
         <subfield code="d">NhCcYBP</subfield>
         <subfield code="d">NNU</subfield>
      </datafield>
      <datafield tag="042" ind1=" " ind2=" ">
         <subfield code="a">pcc</subfield>
      </datafield>
      <datafield tag="043" ind1=" " ind2=" ">
         <subfield code="a">aw-----</subfield>
      </datafield>
      <datafield tag="050" ind1="0" ind2="0">
         <subfield code="a">DS56</subfield>
         <subfield code="b">.N395 2003</subfield>
      </datafield>
      <datafield tag="082" ind1="0" ind2="0">
         <subfield code="a">939/.4</subfield>
         <subfield code="2">21</subfield>
      </datafield>
      <datafield tag="245" ind1="0" ind2="0">
         <subfield code="a">Near Eastern archaeology :</subfield>
         <subfield code="b">a reader /</subfield>
         <subfield code="c">edited by Suzanne Richard.</subfield>
      </datafield>
      <datafield tag="260" ind1=" " ind2=" ">
         <subfield code="a">Winona Lake, Ind. :</subfield>
         <subfield code="b">Eisenbrauns,</subfield>
         <subfield code="c">2003.</subfield>
      </datafield>
      <datafield tag="300" ind1=" " ind2=" ">
         <subfield code="a">xviii, 486 p. :</subfield>
         <subfield code="b">ill., maps ;</subfield>
         <subfield code="c">24 cm.</subfield>
      </datafield>
      <datafield tag="500" ind1=" " ind2=" ">
         <subfield code="a">ISAW copy is from the Library of Hayim and Miriam Tadmor.</subfield>
         <subfield code="5">NNU</subfield>
      </datafield>
      <datafield tag="504" ind1=" " ind2=" ">
         <subfield code="a">Includes bibliographical references.</subfield>
      </datafield>
      <datafield tag="505" ind1="0" ind2=" ">
         <subfield code="a">Geography of the Levant / Barry J. Beitzel -- Paleoenvironments of the Levant / Arlene Miller Rosen -- Archaeozoology / Paula Wapnish and B. Hesse -- Paleoethnobotany / Peter Warnock -- Method and theory in Syro-Palestinian archaeology / John S. Holladay, Jr. -- Bible and archaeology / Walter E. Rast -- Levantine archaeology / Thomas W. Davis -- Text sources for Levantine archaeology : the Bible / J.M. Miller -- Writing and scripts (with special reference to the Levant) / Gary A. Rendsburg -- Semitic languages (with special reference to the Levant) / Gary A. Rendsburg -- Writing : the archaeology of writing (writing materials) / Alan R. Millard -- Northwest Semitic epigraphic sources / Alan Millard -- Chronology of the Southern Levant / William G. Dever -- Survey of preclassical architecture in the Levant / G.R.H. Wright -- Bronze and iron age burials and funerary customs in the Southern Levant / Elizabeth Bloch-Smith -- Subsistence pastoralism / Oystein S. Labianca --</subfield>
      </datafield>
      <datafield tag="505" ind1="0" ind2=" ">
         <subfield code="a">Agriculture / David C. Hopkins -- Roads and highways / David A. Dorsey -- Nautical archaeology in the Eastern Mediterranean / Deborah N. Carlson -- Ethnography/ethnoarchaeology / Gloria London -- Ethnicity and material culture / Gloria London -- Women in the ancient Near East / Susan Ackerman -- Everyday life (customs, manners, and laws) / Victor H. Matthews -- Archaeological survey in the Southern Levant / E.B. Banning -- Restoration of ancient monuments : theory and practice / G.R.H. Wright -- Metalworking/mining in the Levant / James D. Muhly -- Weapons and warfare in ancient Syria-Palestine / Graham Philip -- Ceramics/kilns / Gloria London -- Jewelry in the Levant / Elizabeth E. Platt -- The mosaics of Jordan / Michele Piccirillo -- Numismatics (minting and monetary systems/coinage) in the Levant / Kevin Butcher -- Scarabs / William A. Ward -- GIS and archaeological survey / Gary L. Christopherson -- Computer applications in archaeology / E.B. Banning --</subfield>
         <subfield code="9"/>
      </datafield>
      <datafield tag="505" ind1="0" ind2=" ">
         <subfield code="a">The paleolithic in Syria-Palestine / Geoffrey A. Clark and Nancy R. Coinman -- The neolithic period / Gary O. Rollefson -- Prehistoric chipped-stone technology / Gary O. Rollefson -- The chalcolithic of the Southern Levant / Thomas E. Levy -- The Nahal Mishmar hoard from the Judean desert / Miriam Tadmor -- Negev / Mordechai Haiman -- The early Bronze Age in the Southern Levant / Suzanne Richard -- Southern Sinai in the early Bronze Age II / Itzak Beit-Arieh -- Theory in archaeology : culture change at the end of the early Bronze Age / Jesse C. Long, Jr. -- Archaeology of the Dead Sea Plain in Jordan / Walter E. Rast -- The middle Bronze Age (circa 2000-1500 B.C.E.) / David Ilan -- Canaanite religion / Beth Alpert Nakhai -- The late Bronze Age / Albert Leonard, Jr. -- El-Amarna texts / Victor H. Matthews -- Trade and exchange in the Levant / Eric H. Cline -- The Iron Age in the Southern Levant / Randall W. Younker -- Religion and cult in the Levant / William G. Dever --</subfield>
         <subfield code="9"/>
      </datafield>
      <datafield tag="505" ind1="0" ind2=" ">
         <subfield code="a">Goddesses / Susan Ackerman -- Syria-Palestine in the Persian period / Charles E. Carter -- The Samaritans / Terry Giles -- The Hellenistic period / Andrea M. Berlin -- Nabateans / David F. Graf -- Classical test sources in the Levant / David F. Graf -- Jewish art and iconography in the Land of Israel / Rachel Hachlili -- Synagogues in the Land of Israel / Steven Fine -- Golan synagogues / Zevi ʼUri Maʻoz -- Early Christian iconography / Linda Sue Galate -- Early Christian churches in Israel / Joseph Patrich.</subfield>
         <subfield code="9"/>
      </datafield>
      <datafield tag="650" ind1=" " ind2="0">
         <subfield code="a">Archaeology</subfield>
         <subfield code="z">Middle East</subfield>
         <subfield code="x">History.</subfield>
      </datafield>
      <datafield tag="651" ind1=" " ind2="0">
         <subfield code="a">Middle East</subfield>
         <subfield code="x">Antiquities.</subfield>
      </datafield>
      <datafield tag="796" ind1="1" ind2=" ">
         <subfield code="a">Tadmor, Hayim,</subfield>
         <subfield code="e">former owner.</subfield>
      </datafield>
      <datafield tag="796" ind1="1" ind2=" ">
         <subfield code="a">Tadmor, Miriam,</subfield>
         <subfield code="e">former owner.</subfield>
      </datafield>
      <datafield tag="797" ind1="2" ind2=" ">
         <subfield code="a">Tadmor Collection.</subfield>
      </datafield>
      <datafield tag="700" ind1="1" ind2=" ">
         <subfield code="a">Richard, Suzanne,</subfield>
         <subfield code="d">1947-</subfield>
      </datafield>
      <datafield tag="OWN" ind1=" " ind2=" ">
         <subfield code="a">GENERAL</subfield>
      </datafield>
      <datafield tag="980" ind1=" " ind2=" ">
         <subfield code="a">040107</subfield>
         <subfield code="b">45.00</subfield>
         <subfield code="e">36.90</subfield>
         <subfield code="f">318825</subfield>
         <subfield code="g">1</subfield>
      </datafield>
      <datafield tag="982" ind1=" " ind2=" ">
         <subfield code="a">40009896571</subfield>
      </datafield>
      <datafield tag="AVA" ind1=" " ind2=" ">
         <subfield code="a">NYU50</subfield>
         <subfield code="b">BOBST</subfield>
         <subfield code="c">Main Collection</subfield>
         <subfield code="d">DS56 .N395 2003</subfield>
         <subfield code="e">available</subfield>
         <subfield code="t">Available</subfield>
         <subfield code="f">1</subfield>
         <subfield code="g">0</subfield>
         <subfield code="h">N</subfield>
         <subfield code="i">8</subfield>
         <subfield code="j">MAIN</subfield>
         <subfield code="k">0</subfield>
      </datafield>
      <datafield tag="AVA" ind1=" " ind2=" ">
         <subfield code="a">NYU50</subfield>
         <subfield code="b">NISAW</subfield>
         <subfield code="c">Small Collection</subfield>
         <subfield code="d">DS56 .N395 2003</subfield>
         <subfield code="e">available</subfield>
         <subfield code="t">Available</subfield>
         <subfield code="f">1</subfield>
         <subfield code="g">0</subfield>
         <subfield code="h">N</subfield>
         <subfield code="i">0</subfield>
         <subfield code="j">SMALL</subfield>
         <subfield code="k">0</subfield>
      </datafield>
      <marc:datafield tag="852" ind1=" " ind2=" ">
         <marc:subfield code="b">Institute for the Study of the Ancient World, </marc:subfield>
         <marc:subfield code="c">Small Collection</marc:subfield>
         <marc:subfield code="e">15 East 84th St., </marc:subfield>
         <marc:subfield code="e">New York, NY  10028</marc:subfield>
      </marc:datafield>
   </record>