
  
  
  
  
  
  
 
  
  <record xsi:schemaLocation="http://www.loc.gov/MARC21/slim http://www.loc.gov/standards/marcxml/schema/MARC21slim.xsd">
      <leader>00000cas  2200481 a 4500</leader>
      <controlfield tag="FMT">SE</controlfield>
      <controlfield tag="LDR">00000cas  2200481 a 4500</controlfield>
      <controlfield tag="001">004133370</controlfield>
      <controlfield tag="003">OCoLC</controlfield>
      <controlfield tag="005">20150427155902.0</controlfield>
      <controlfield tag="008">150427c20139999cc ar     b   0    0chi d</controlfield>
      <datafield tag="035" ind1=" " ind2=" ">
         <subfield code="a">(OCoLC)878712403</subfield>
      </datafield>
      <datafield tag="040" ind1=" " ind2=" ">
         <subfield code="a">CUY</subfield>
         <subfield code="c">CUY</subfield>
         <subfield code="d">OCLCO</subfield>
         <subfield code="d">OCLCF</subfield>
         <subfield code="d">ZYU</subfield>
         <subfield code="d">NNU</subfield>
      </datafield>
      <datafield tag="043" ind1=" " ind2=" ">
         <subfield code="a">a-cc-ss</subfield>
      </datafield>
      <datafield tag="050" ind1=" " ind2="4">
         <subfield code="a">DS747.9.Q254</subfield>
         <subfield code="b">Q2558</subfield>
      </datafield>
      <datafield tag="066" ind1=" " ind2=" ">
         <subfield code="c">$1</subfield>
      </datafield>
      <datafield tag="245" ind1="0" ind2="0">
         <subfield code="6">880-01</subfield>
         <subfield code="a">Qin shi huang di ling bo wu yuan.</subfield>
      </datafield>
      <datafield tag="246" ind1="3" ind2="1">
         <subfield code="a">Emperor Qinshihuang's Mausoleum Site Museum</subfield>
      </datafield>
      <datafield tag="260" ind1=" " ind2=" ">
         <subfield code="6">880-02</subfield>
         <subfield code="a">Xi'an Shi :</subfield>
         <subfield code="b">San Qin chu ban she</subfield>
      </datafield>
      <datafield tag="300" ind1=" " ind2=" ">
         <subfield code="a">v. ;</subfield>
         <subfield code="c">26 cm</subfield>
      </datafield>
      <datafield tag="310" ind1=" " ind2=" ">
         <subfield code="a">annual</subfield>
      </datafield>
      <datafield tag="588" ind1=" " ind2=" ">
         <subfield code="a">Description based on: 2012 nian = Zong 2 ji; title from title page.</subfield>
      </datafield>
      <datafield tag="588" ind1=" " ind2=" ">
         <subfield code="a">Latest issue consulted: 2012 nian = Zong 2 ji.</subfield>
      </datafield>
      <datafield tag="600" ind1="0" ind2="0">
         <subfield code="6">880-03</subfield>
         <subfield code="a">Qin shi huang,</subfield>
         <subfield code="c">Emperor of China,</subfield>
         <subfield code="d">259 B.C.-210 B.C.</subfield>
         <subfield code="x">Tomb</subfield>
         <subfield code="v">Periodicals.</subfield>
      </datafield>
      <datafield tag="650" ind1=" " ind2="0">
         <subfield code="a">Terra-cotta sculpture, Chinese</subfield>
         <subfield code="y">Qin-Han dynasties, 221 B.C.-220 A.D.</subfield>
         <subfield code="v">Periodicals.</subfield>
      </datafield>
      <datafield tag="650" ind1=" " ind2="0">
         <subfield code="a">Excavations (Archaeology)</subfield>
         <subfield code="z">China</subfield>
         <subfield code="z">Shaanxi Sheng</subfield>
         <subfield code="v">Periodicals.</subfield>
      </datafield>
      <datafield tag="651" ind1=" " ind2="0">
         <subfield code="6">880-04</subfield>
         <subfield code="a">Shaanxi Sheng (China)</subfield>
         <subfield code="x">Antiquities</subfield>
         <subfield code="v">Periodicals.</subfield>
      </datafield>
      <datafield tag="600" ind1="0" ind2="7">
         <subfield code="a">Qin shi huang,</subfield>
         <subfield code="c">Emperor of China,</subfield>
         <subfield code="d">259 B.C.-210 B.C.</subfield>
         <subfield code="2">fast</subfield>
         <subfield code="0">(OCoLC)fst01842701</subfield>
      </datafield>
      <datafield tag="650" ind1=" " ind2="7">
         <subfield code="a">Antiquities.</subfield>
         <subfield code="2">fast</subfield>
         <subfield code="0">(OCoLC)fst00810745</subfield>
      </datafield>
      <datafield tag="650" ind1=" " ind2="7">
         <subfield code="a">Excavations (Archaeology)</subfield>
         <subfield code="2">fast</subfield>
         <subfield code="0">(OCoLC)fst00917564</subfield>
      </datafield>
      <datafield tag="650" ind1=" " ind2="7">
         <subfield code="a">Terra-cotta sculpture, Chinese</subfield>
         <subfield code="x">Qin-Han dynasties.</subfield>
         <subfield code="2">fast</subfield>
         <subfield code="0">(OCoLC)fst01907227</subfield>
      </datafield>
      <datafield tag="650" ind1=" " ind2="7">
         <subfield code="a">Tombs.</subfield>
         <subfield code="2">fast</subfield>
         <subfield code="0">(OCoLC)fst01152439</subfield>
      </datafield>
      <datafield tag="651" ind1=" " ind2="7">
         <subfield code="a">China</subfield>
         <subfield code="z">Shaanxi Sheng.</subfield>
         <subfield code="2">fast</subfield>
         <subfield code="0">(OCoLC)fst01211421</subfield>
      </datafield>
      <datafield tag="648" ind1=" " ind2="7">
         <subfield code="a">221 B.C. - 220 A.D.</subfield>
         <subfield code="2">fast</subfield>
      </datafield>
      <datafield tag="655" ind1=" " ind2="7">
         <subfield code="a">Periodicals.</subfield>
         <subfield code="2">fast</subfield>
         <subfield code="0">(OCoLC)fst01411641</subfield>
      </datafield>
      <datafield tag="710" ind1="2" ind2=" ">
         <subfield code="6">880-05</subfield>
         <subfield code="a">Qin shi huang di ling bo wu yuan (Xi'an Shi, China)</subfield>
      </datafield>
      <datafield tag="880" ind1="0" ind2="0">
         <subfield code="6">245-01/</subfield>
         <subfield code="a">秦始皇帝陵博物院.</subfield>
      </datafield>
      <datafield tag="880" ind1=" " ind2=" ">
         <subfield code="6">260-02/</subfield>
         <subfield code="a">西安市 :</subfield>
         <subfield code="b">三秦出版社</subfield>
      </datafield>
      <datafield tag="880" ind1="0" ind2="4">
         <subfield code="6">600-03/</subfield>
         <subfield code="a">秦始皇,</subfield>
         <subfield code="c">Emperor of China,</subfield>
         <subfield code="d">259 B.C.-210 B.C.</subfield>
         <subfield code="x">Tomb</subfield>
         <subfield code="v">periodicals.</subfield>
      </datafield>
      <datafield tag="880" ind1=" " ind2="4">
         <subfield code="6">651-04/</subfield>
         <subfield code="a">陕西省 (China)</subfield>
         <subfield code="x">Antiquities</subfield>
         <subfield code="v">periodicals.</subfield>
      </datafield>
      <datafield tag="880" ind1="2" ind2=" ">
         <subfield code="6">710-05/</subfield>
         <subfield code="a">秦始皇帝陵博物院 (Xi'an Shi, China).</subfield>
      </datafield>
      <datafield tag="994" ind1=" " ind2=" ">
         <subfield code="a">Z0</subfield>
         <subfield code="b">ZYU</subfield>
      </datafield>
      <datafield tag="OWN" ind1=" " ind2=" ">
         <subfield code="a">GENERAL</subfield>
      </datafield>
      <datafield tag="AVA" ind1=" " ind2=" ">
         <subfield code="a">NYU50</subfield>
         <subfield code="b">NISAW</subfield>
         <subfield code="c">Library 6</subfield>
         <subfield code="d">DS747.9.Q254 Q2558</subfield>
         <subfield code="e">available</subfield>
         <subfield code="t">Available</subfield>
         <subfield code="f">1</subfield>
         <subfield code="g">0</subfield>
         <subfield code="h">Y</subfield>
         <subfield code="i">0</subfield>
         <subfield code="j">LIB6</subfield>
         <subfield code="k">0</subfield>
      </datafield>
      <marc:datafield tag="852" ind1=" " ind2=" ">
         <marc:subfield code="b">Institute for the Study of the Ancient World, </marc:subfield>
         <marc:subfield code="c">Library 6</marc:subfield>
         <marc:subfield code="e">15 East 84th St., </marc:subfield>
         <marc:subfield code="e">New York, NY  10028</marc:subfield>
      </marc:datafield>
   </record>