
  
  
  
  
  
 
  
  <record xsi:schemaLocation="http://www.loc.gov/MARC21/slim http://www.loc.gov/standards/marcxml/schema/MARC21slim.xsd">
      <leader>00000cam a2200409 i 45M</leader>
      <controlfield tag="FMT">BK</controlfield>
      <controlfield tag="LDR">00000cam a2200409 i 45M</controlfield>
      <controlfield tag="001">001779247</controlfield>
      <controlfield tag="003">NNU</controlfield>
      <controlfield tag="005">20150427161241.0</controlfield>
      <controlfield tag="008">890531m19761980is       b    100 0 heb</controlfield>
      <datafield tag="010" ind1=" " ind2=" ">
         <subfield code="a">77951244</subfield>
      </datafield>
      <datafield tag="035" ind1="9" ind2=" ">
         <subfield code="a">NYUb10709129</subfield>
      </datafield>
      <datafield tag="035" ind1=" " ind2=" ">
         <subfield code="a">(CStRLIN)NYUG89-B18955</subfield>
      </datafield>
      <datafield tag="035" ind1=" " ind2=" ">
         <subfield code="a">GLIS007091294</subfield>
      </datafield>
      <datafield tag="040" ind1=" " ind2=" ">
         <subfield code="c">NNU</subfield>
         <subfield code="d">NNU</subfield>
      </datafield>
      <datafield tag="041" ind1="1" ind2=" ">
         <subfield code="a">heb</subfield>
         <subfield code="a">eng</subfield>
      </datafield>
      <datafield tag="050" ind1="0" ind2=" ">
         <subfield code="a">DS102.4</subfield>
         <subfield code="b">.W65 1973</subfield>
      </datafield>
      <datafield tag="090" ind1=" " ind2=" ">
         <subfield code="a">BM173</subfield>
         <subfield code="b">.W6 1973</subfield>
         <subfield code="i">11/20/89 CT</subfield>
         <subfield code="h">06/02/89 CT</subfield>
      </datafield>
      <datafield tag="111" ind1="2" ind2=" ">
         <subfield code="a">World Congress of Jewish Studies</subfield>
         <subfield code="n">(6th :</subfield>
         <subfield code="d">1973 :</subfield>
         <subfield code="c">Jerusalem)</subfield>
      </datafield>
      <datafield tag="245" ind1="1" ind2="0">
         <subfield code="a">Divre ha-Ḳongres ha-ʻolami ha-shishi le-madaʻe ha-Yahadut :</subfield>
         <subfield code="b">ha-Ḳongres neʻerakh be-ḥasut ha-aḳademyah ha-leʼumit ha-Yisreʼelit le-madaʻe ba-Universiṭah ha-ʻIvrit, Yerushalayim, 15-21 ba-Menaḥem Av 1973, 13-19 Ogusṭ 1973.</subfield>
      </datafield>
      <datafield tag="246" ind1="1" ind2="5">
         <subfield code="a">Proceedings of the Sixth World Congress of Jewish Studies.</subfield>
      </datafield>
      <datafield tag="260" ind1=" " ind2=" ">
         <subfield code="a">Yerushalayim :</subfield>
         <subfield code="b">ha-Igud ha-ʻolami le-madaʻe ha-Yahadut,</subfield>
         <subfield code="c">1976-1980.</subfield>
      </datafield>
      <datafield tag="300" ind1=" " ind2=" ">
         <subfield code="a">4 v. ;</subfield>
         <subfield code="c">25 cm.</subfield>
      </datafield>
      <datafield tag="500" ind1=" " ind2=" ">
         <subfield code="a">ISAW copy (v. 2) is from the Library of Hayim and Miriam Tadmor.</subfield>
         <subfield code="5">NNU</subfield>
      </datafield>
      <datafield tag="546" ind1=" " ind2=" ">
         <subfield code="a">Chiefly English or Hebrew, with abstracts in English.</subfield>
      </datafield>
      <datafield tag="504" ind1=" " ind2=" ">
         <subfield code="a">Includes bibliographical references.</subfield>
      </datafield>
      <datafield tag="505" ind1="1" ind2=" ">
         <subfield code="a">Kerekh 1. ha-Mizraḥ ha-ḳadmon bi-zikato la-ʻam Yiśraʼel. -- Toldot ʻam Yiśraʼel bi-yeme bet rishon ṿe-bet sheni. -- Miḳra. -- Megilot yam ha-melaḥ. -- ha-Seferim ha-ganuzim ṿeha-ḥitsoniyim ṿeha-sifrut ha-Notsrit. -- Arkheʼologyah. -- Kerekh 2. Toldot ʻam Yiśraʼel be-teḳufat ha-Mishnah ṿeha-Talmud. -- Toldot ʻam Yiśraʼel bi-yeme ha-benayim ṿeba-ʻet he-ḥadashah. -- Toldot tenuʻat ha-ʻavodah ha-Yehudit. -- Yahadut artsot he-Islam. -- Yahadut zamenu. -- ha-Shoʼah. -- Kerekh 3. Talmud. -- Midrash. -- Sifrut Rabenit. -- Maḥshavah Yehudit. -- Ḳabalah. -- Mishpaṭ ʻIvri sifrut ʻIvrit. -- Shirah u-piuṭ. -- Yehudim ṿe-Yahadut bi-sifrut ha-ʻolami. -- kerekh 4. ha-Lashon ha-ʻIvrit. -- Sifrut Yidish. -- Leshonot ha-dibur shel ha-Yehudim bi-tefutsotehem.</subfield>
      </datafield>
      <datafield tag="650" ind1=" " ind2="0">
         <subfield code="a">Jews</subfield>
         <subfield code="x">History</subfield>
         <subfield code="v">Congresses.</subfield>
      </datafield>
      <datafield tag="796" ind1="1" ind2=" ">
         <subfield code="a">Tadmor, Hayim,</subfield>
         <subfield code="e">former owner.</subfield>
      </datafield>
      <datafield tag="796" ind1="1" ind2=" ">
         <subfield code="a">Tadmor, Miriam,</subfield>
         <subfield code="e">former owner.</subfield>
      </datafield>
      <datafield tag="797" ind1="2" ind2=" ">
         <subfield code="a">Tadmor Collection.</subfield>
      </datafield>
      <datafield tag="710" ind1="2" ind2=" ">
         <subfield code="a">World Union of Jewish Studies.</subfield>
      </datafield>
      <datafield tag="710" ind1="2" ind2=" ">
         <subfield code="a">Aḳademyah ha-leʼumit ha-Yiśreʼelit le-madaʻim.</subfield>
      </datafield>
      <datafield tag="710" ind1="2" ind2=" ">
         <subfield code="a">Universiṭah ha-ʻIvrit bi-Yerushalayim.</subfield>
      </datafield>
      <datafield tag="740" ind1="0" ind2=" ">
         <subfield code="a">Proceedings of the Sixth World Congress of Jewish Studies.</subfield>
      </datafield>
      <datafield tag="OWN" ind1=" " ind2=" ">
         <subfield code="a">GENERAL</subfield>
      </datafield>
      <datafield tag="903" ind1=" " ind2=" ">
         <subfield code="a">OLD</subfield>
      </datafield>
      <datafield tag="910" ind1=" " ind2=" ">
         <subfield code="a">Fields 710-1, 710-2 and 710-3 in AACR2 form.</subfield>
      </datafield>
      <datafield tag="950" ind1=" " ind2=" ">
         <subfield code="l">BMAIN</subfield>
         <subfield code="a">BM30</subfield>
         <subfield code="b">.W6 1973</subfield>
         <subfield code="n">455:sl\Unanalyzed\</subfield>
         <subfield code="i">11/20/89 C</subfield>
         <subfield code="h">06/02/89 C</subfield>
      </datafield>
      <datafield tag="955" ind1=" " ind2=" ">
         <subfield code="l">BMAIN</subfield>
         <subfield code="c">1:v.4</subfield>
         <subfield code="r">014804630</subfield>
         <subfield code="i">11/20/89 C</subfield>
      </datafield>
      <datafield tag="955" ind1=" " ind2=" ">
         <subfield code="l">BMAIN</subfield>
         <subfield code="c">1:v.3</subfield>
         <subfield code="r">013686871</subfield>
         <subfield code="h">06/02/89 C</subfield>
      </datafield>
      <datafield tag="955" ind1=" " ind2=" ">
         <subfield code="l">BMAIN</subfield>
         <subfield code="c">1:v.2</subfield>
         <subfield code="r">013686756</subfield>
         <subfield code="h">06/02/89 C</subfield>
      </datafield>
      <datafield tag="955" ind1=" " ind2=" ">
         <subfield code="l">BMAIN</subfield>
         <subfield code="c">1:v.1</subfield>
         <subfield code="r">004110683</subfield>
         <subfield code="h">06/02/89 C</subfield>
      </datafield>
      <datafield tag="998" ind1=" " ind2=" ">
         <subfield code="a">11/20/89</subfield>
         <subfield code="t">b</subfield>
         <subfield code="s">9114</subfield>
         <subfield code="n">NNU</subfield>
         <subfield code="w">NYUG89B18955</subfield>
         <subfield code="d">05/31/89</subfield>
         <subfield code="c">PJV</subfield>
         <subfield code="b">PJV</subfield>
         <subfield code="i">891120</subfield>
         <subfield code="h">890602</subfield>
         <subfield code="l">NYUG</subfield>
      </datafield>
      <datafield tag="AVA" ind1=" " ind2=" ">
         <subfield code="a">NYU50</subfield>
         <subfield code="b">BOBST</subfield>
         <subfield code="c">Main Collection</subfield>
         <subfield code="d">BM30 .W6 1973</subfield>
         <subfield code="e">available</subfield>
         <subfield code="t">Available</subfield>
         <subfield code="f">4</subfield>
         <subfield code="g">0</subfield>
         <subfield code="h">Y</subfield>
         <subfield code="i">3</subfield>
         <subfield code="j">MAIN</subfield>
         <subfield code="k">0</subfield>
      </datafield>
      <datafield tag="AVA" ind1=" " ind2=" ">
         <subfield code="a">NYU50</subfield>
         <subfield code="b">NISAW</subfield>
         <subfield code="c">Small Collection</subfield>
         <subfield code="d">BM173 .W6 1973</subfield>
         <subfield code="e">available</subfield>
         <subfield code="t">Available</subfield>
         <subfield code="f">1</subfield>
         <subfield code="g">0</subfield>
         <subfield code="h">Y</subfield>
         <subfield code="i">0</subfield>
         <subfield code="j">SMALL</subfield>
         <subfield code="k">0</subfield>
      </datafield>
      <marc:datafield tag="852" ind1=" " ind2=" ">
         <marc:subfield code="b">Institute for the Study of the Ancient World, </marc:subfield>
         <marc:subfield code="c">Small Collection</marc:subfield>
         <marc:subfield code="e">15 East 84th St., </marc:subfield>
         <marc:subfield code="e">New York, NY  10028</marc:subfield>
      </marc:datafield>
   </record>