
  
  
  
  
  
  
  
 
  
  <record xsi:schemaLocation="http://www.loc.gov/MARC21/slim http://www.loc.gov/standards/marcxml/schema/MARC21slim.xsd">
      <leader>00000cam  22006854a 4500</leader>
      <controlfield tag="FMT">BK</controlfield>
      <controlfield tag="LDR">00000cam  22006854a 4500</controlfield>
      <controlfield tag="001">001766807</controlfield>
      <controlfield tag="003">OCoLC</controlfield>
      <controlfield tag="005">20150427162317.0</controlfield>
      <controlfield tag="008">010123s2000    is ab    b    001 0 eng</controlfield>
      <datafield tag="010" ind1=" " ind2=" ">
         <subfield code="a">2001321370</subfield>
      </datafield>
      <datafield tag="020" ind1=" " ind2=" ">
         <subfield code="a">9652210412</subfield>
      </datafield>
      <datafield tag="020" ind1=" " ind2=" ">
         <subfield code="a">9789652210418</subfield>
      </datafield>
      <datafield tag="035" ind1=" " ind2=" ">
         <subfield code="a">(OCoLC)45879925</subfield>
         <subfield code="z">(OCoLC)44855003</subfield>
         <subfield code="z">(OCoLC)79146655</subfield>
      </datafield>
      <datafield tag="040" ind1=" " ind2=" ">
         <subfield code="a">DLC</subfield>
         <subfield code="b">eng</subfield>
         <subfield code="c">DLC</subfield>
         <subfield code="d">MUQ</subfield>
         <subfield code="d">OCLCQ</subfield>
         <subfield code="d">NLGGC</subfield>
         <subfield code="d">BTCTA</subfield>
         <subfield code="d">YDXCP</subfield>
         <subfield code="d">GEBAY</subfield>
         <subfield code="d">HNW</subfield>
         <subfield code="d">OCLCF</subfield>
         <subfield code="d">OCLCO</subfield>
         <subfield code="d">OCLCQ</subfield>
         <subfield code="d">OCLCO</subfield>
         <subfield code="d">NNU</subfield>
      </datafield>
      <datafield tag="041" ind1="1" ind2=" ">
         <subfield code="a">eng</subfield>
         <subfield code="h">heb</subfield>
      </datafield>
      <datafield tag="042" ind1=" " ind2=" ">
         <subfield code="a">pcc</subfield>
      </datafield>
      <datafield tag="043" ind1=" " ind2=" ">
         <subfield code="a">a-is---</subfield>
      </datafield>
      <datafield tag="050" ind1="0" ind2="0">
         <subfield code="a">DS109</subfield>
         <subfield code="b">.A45 2000</subfield>
      </datafield>
      <datafield tag="082" ind1="0" ind2="0">
         <subfield code="a">933</subfield>
         <subfield code="2">21</subfield>
      </datafield>
      <datafield tag="084" ind1=" " ind2=" ">
         <subfield code="a">11.35</subfield>
         <subfield code="2">bcl</subfield>
      </datafield>
      <datafield tag="245" ind1="0" ind2="0">
         <subfield code="a">Ancient Jerusalem revealed /</subfield>
         <subfield code="c">edited by Hillel Geva ; [English version, Jospeh Shadur, Alan Paris].</subfield>
      </datafield>
      <datafield tag="250" ind1=" " ind2=" ">
         <subfield code="a">Reprinted and expanded ed.</subfield>
      </datafield>
      <datafield tag="260" ind1=" " ind2=" ">
         <subfield code="a">[Israel] :</subfield>
         <subfield code="b">Israel Exploration Society,</subfield>
         <subfield code="c">2000.</subfield>
      </datafield>
      <datafield tag="300" ind1=" " ind2=" ">
         <subfield code="a">xvi, 368 pages :</subfield>
         <subfield code="b">illustrations (some color), maps ;</subfield>
         <subfield code="c">28 cm</subfield>
      </datafield>
      <datafield tag="336" ind1=" " ind2=" ">
         <subfield code="a">text</subfield>
         <subfield code="b">txt</subfield>
         <subfield code="2">rdacontent</subfield>
      </datafield>
      <datafield tag="337" ind1=" " ind2=" ">
         <subfield code="a">unmediated</subfield>
         <subfield code="b">n</subfield>
         <subfield code="2">rdamedia</subfield>
      </datafield>
      <datafield tag="338" ind1=" " ind2=" ">
         <subfield code="a">volume</subfield>
         <subfield code="b">nc</subfield>
         <subfield code="2">rdacarrier</subfield>
      </datafield>
      <datafield tag="500" ind1=" " ind2=" ">
         <subfield code="a">ISAW copy is from the Library of Hayim and Miriam Tadmor.</subfield>
         <subfield code="5">NNU</subfield>
      </datafield>
      <datafield tag="504" ind1=" " ind2=" ">
         <subfield code="a">Includes bibliographical references and index.</subfield>
      </datafield>
      <datafield tag="505" ind1="0" ind2="0">
         <subfield code="t">Twenty-five years of excavations in Jerusalem, 1968-1993 : achievements and evaluation /</subfield>
         <subfield code="r">Hillel Geva --</subfield>
         <subfield code="t">Jerusalem : First Temple period.</subfield>
         <subfield code="t">Excavations directed by Yigal Shiloh at the City of David, 1978-1985 /</subfield>
         <subfield code="r">Jane M. Cahill and David Tarler --</subfield>
         <subfield code="t">The rediscovery of the ancient water system known as "Warren's Shaft" /</subfield>
         <subfield code="r">Yigal Shiloh --</subfield>
         <subfield code="t">A group of Hebrew bullae from Yigal Shiloh's excavations in the City of David /</subfield>
         <subfield code="r">Yair Shoham --</subfield>
         <subfield code="t">A biblical name on a City of David bulla : Azariah son of Hilkiah (high priest?) /</subfield>
         <subfield code="r">Tsvi Schneider --</subfield>
         <subfield code="t">The royal quarter of biblical Jerusalem : the Ophel /</subfield>
         <subfield code="r">Eilat Mazar --</subfield>
         <subfield code="t">A fragmentary Hebrew First Temple period inscription from the Ophel /</subfield>
         <subfield code="r">Meir Ben-Dov --</subfield>
         <subfield code="t">Mount Zion : discovery of Iron Age fortifications below the Gate of the Essenes /</subfield>
         <subfield code="r">Doron Chen, Shlomo Margalit, Bargil Pixner --</subfield>
         <subfield code="t">Iron Age remains in the Chapel of St. Vartan in the Church of the Holy Sepulcher /</subfield>
         <subfield code="r">Magen Broshi -- Excavations at Ketef Hinnom in Jerusalem /</subfield>
         <subfield code="r">Gabriel Barkay --</subfield>
         <subfield code="t">A burial cave of the late First Temple period on the slope of Mount Zion /</subfield>
         <subfield code="r">Amos Kloner and David Davis --</subfield>
         <subfield code="t">The ancient burial ground in the Mamilla neighborhood, Jerusalem /</subfield>
         <subfield code="r">Ronny Reich --</subfield>
         <subfield code="t">The northern necropolis of Jerusalem during the First Temple period /</subfield>
         <subfield code="r">Gabriel Barkay, Amos Kloner, Amihai Mazar --</subfield>
         <subfield code="t">The inscribed pomegranate from the "House of the Lord" /</subfield>
         <subfield code="r">Nahman Avigad --</subfield>
         <subfield code="t">The "governor of the city" bulla /</subfield>
         <subfield code="r">Nahman Avigad --</subfield>
         <subfield code="t">A second "governor of the city" bulla /</subfield>
         <subfield code="r">Gabriel Barkay.</subfield>
      </datafield>
      <datafield tag="505" ind1="8" ind2="0">
         <subfield code="t">Jerusalem : Second Temple period.</subfield>
         <subfield code="t">Excavations along the western and southern walls of the old city of Jerusalem /</subfield>
         <subfield code="r">Magen Broshi and Shimon Gibson --</subfield>
         <subfield code="t">Excavations at the Citadel of Jerusalem, 1976-1980 /</subfield>
         <subfield code="r">Hillel Geva --</subfield>
         <subfield code="t">Excavations in the Jerusalem Citadel, 1980-1988 /</subfield>
         <subfield code="r">Renée Sivan and Giora Solar --</subfield>
         <subfield code="t">The western wall tunnels /</subfield>
         <subfield code="r">Dan Bahat --</subfield>
         <subfield code="t">Ossuaries and ossilegium (bone gathering) in the late Second Temple period /</subfield>
         <subfield code="r">Levi Yizhaq Rahmani --</subfield>
         <subfield code="t">Three new burial caves of the Second Temple period in Aceldama (Kidron Valley) /</subfield>
         <subfield code="r">Gideon Avni, Zvi Greenhut, Tal Ilan --</subfield>
         <subfield code="t">The Caiaphas tomb in North Talpiot, Jerusalem /</subfield>
         <subfield code="r">Zvi Greenhut -- Ossuary inscriptions of the of the Caiaphas family from Jerusalem /</subfield>
         <subfield code="r">Ronny Reich --</subfield>
         <subfield code="t">A Jewish burial cave on Mount Scopus /</subfield>
         <subfield code="r">Varda Sussman --</subfield>
         <subfield code="t">Sarcophagi of the late Second Temple period in secondary use /</subfield>
         <subfield code="r">Levi Yizhaq Rahmani --</subfield>
         <subfield code="t">An ossuary from Jerusalem ornamented with monumental facades /</subfield>
         <subfield code="r">Amos Kloner --</subfield>
         <subfield code="t">Representations of the menorah on ossuaries /</subfield>
         <subfield code="r">Levi Yizhaq Rahmani --</subfield>
         <subfield code="t">Jerusalem as a center of the stone vessel industry during the Second Temple period /</subfield>
         <subfield code="r">Yitzhak Magen --</subfield>
         <subfield code="t">Two bullae of Jonathan, king and high priest /</subfield>
         <subfield code="r">Nahman Avigad --</subfield>
         <subfield code="t">The structure of the Second Temple : a new reconstruction /</subfield>
         <subfield code="r">Joseph Patrich --</subfield>
         <subfield code="t">The showbread table and the facade of the temple on coins of the Bar-Kokhba revolt /</subfield>
         <subfield code="r">Dan Barag --</subfield>
         <subfield code="t">The temple cult vessels graffito from the Jewish Quarter excavations at Jerusalem /</subfield>
         <subfield code="r">Dan Barag.</subfield>
      </datafield>
      <datafield tag="505" ind1="8" ind2="0">
         <subfield code="t">Jerusalem : later periods.</subfield>
         <subfield code="t">Excavations at the Damascus Gate, 1979-1984 /</subfield>
         <subfield code="r">Menahem Magen --</subfield>
         <subfield code="t">Excavations at the third wall, north of the Jerusalem Old City /</subfield>
         <subfield code="r">Vassilios Tzaferis [and others] --</subfield>
         <subfield code="t">An Armenian monastery in the Morasha neighborhood, Jerusalem /</subfield>
         <subfield code="r">David Amit and Samuel Wolff --</subfield>
         <subfield code="t">The excavations at Mamilla, Jerusalem, phase I (1989) /</subfield>
         <subfield code="r">Aren M. Maeir --</subfield>
         <subfield code="t">The Cave of the Birds : a painted tomb on the Mount of Olives /</subfield>
         <subfield code="r">Amos Kloner --</subfield>
         <subfield code="t">Excavations and architectural survey of the archaeological remains along the southern wall of the Jerusalem Old City /</subfield>
         <subfield code="r">Meir Ben-Dov --</subfield>
         <subfield code="t">A Mamluk basin rediscovered /</subfield>
         <subfield code="r">Myriam Rosen-Ayalon.</subfield>
         <subfield code="t">Excavations 1993-1999.</subfield>
         <subfield code="t">The excavations at the Gihon Spring and Warren's Shaft system in the City of David /</subfield>
         <subfield code="r">Ronny Reich and Eli Shukron --</subfield>
         <subfield code="t">Excavations near the Temple Mount and Robinson's Arch, 1994-1996 /</subfield>
         <subfield code="r">Ronny Reich and Yaacov Billig --</subfield>
         <subfield code="t">Stone vessel workshops of the Second Temple period east of Jerusalem /</subfield>
         <subfield code="r">David Amit, Jon Seligman and Irina Zilberbod --</subfield>
         <subfield code="t">Major archaeological activities in Jerusalem, 1967-1999 /</subfield>
         <subfield code="r">Hillel Geva.</subfield>
      </datafield>
      <datafield tag="651" ind1=" " ind2="0">
         <subfield code="a">Jerusalem</subfield>
         <subfield code="x">Antiquities.</subfield>
      </datafield>
      <datafield tag="650" ind1=" " ind2="0">
         <subfield code="a">Excavations (Archaeology)</subfield>
         <subfield code="z">Jerusalem.</subfield>
      </datafield>
      <datafield tag="650" ind1=" " ind2="7">
         <subfield code="a">Antiquities.</subfield>
         <subfield code="2">fast</subfield>
         <subfield code="0">(OCoLC)fst00810745</subfield>
      </datafield>
      <datafield tag="650" ind1=" " ind2="7">
         <subfield code="a">Excavations (Archaeology)</subfield>
         <subfield code="2">fast</subfield>
         <subfield code="0">(OCoLC)fst00917564</subfield>
      </datafield>
      <datafield tag="651" ind1=" " ind2="7">
         <subfield code="a">Middle East</subfield>
         <subfield code="z">Jerusalem.</subfield>
         <subfield code="2">fast</subfield>
         <subfield code="0">(OCoLC)fst01216276</subfield>
      </datafield>
      <datafield tag="796" ind1="1" ind2=" ">
         <subfield code="a">Tadmor, Hayim,</subfield>
         <subfield code="e">former owner.</subfield>
      </datafield>
      <datafield tag="796" ind1="1" ind2=" ">
         <subfield code="a">Tadmor, Miriam,</subfield>
         <subfield code="e">former owner.</subfield>
      </datafield>
      <datafield tag="797" ind1="2" ind2=" ">
         <subfield code="a">Tadmor Collection.</subfield>
      </datafield>
      <datafield tag="700" ind1="1" ind2=" ">
         <subfield code="a">Geva, Hillel.</subfield>
      </datafield>
      <datafield tag="OWN" ind1=" " ind2=" ">
         <subfield code="a">GENERAL</subfield>
      </datafield>
      <datafield tag="AVA" ind1=" " ind2=" ">
         <subfield code="a">NYU50</subfield>
         <subfield code="b">BOBST</subfield>
         <subfield code="c">Main Collection</subfield>
         <subfield code="d">DS109 .A45 2000</subfield>
         <subfield code="e">available</subfield>
         <subfield code="t">Available</subfield>
         <subfield code="f">1</subfield>
         <subfield code="g">0</subfield>
         <subfield code="h">N</subfield>
         <subfield code="i">3</subfield>
         <subfield code="j">MAIN</subfield>
         <subfield code="k">0</subfield>
      </datafield>
      <datafield tag="AVA" ind1=" " ind2=" ">
         <subfield code="a">NYU50</subfield>
         <subfield code="b">NISAW</subfield>
         <subfield code="c">Large Collection</subfield>
         <subfield code="d">DS109 .A45 2000</subfield>
         <subfield code="e">available</subfield>
         <subfield code="t">Available</subfield>
         <subfield code="f">1</subfield>
         <subfield code="g">0</subfield>
         <subfield code="h">N</subfield>
         <subfield code="i">0</subfield>
         <subfield code="j">LARGE</subfield>
         <subfield code="k">0</subfield>
      </datafield>
      <marc:datafield tag="852" ind1=" " ind2=" ">
         <marc:subfield code="b">Institute for the Study of the Ancient World, </marc:subfield>
         <marc:subfield code="c">Large Collection</marc:subfield>
         <marc:subfield code="e">15 East 84th St., </marc:subfield>
         <marc:subfield code="e">New York, NY  10028</marc:subfield>
      </marc:datafield>
   </record>