
  
  
  
  
  
 
  
  <record xsi:schemaLocation="http://www.loc.gov/MARC21/slim http://www.loc.gov/standards/marcxml/schema/MARC21slim.xsd">
      <leader>00000cam  2200505 a 4500</leader>
      <controlfield tag="FMT">BK</controlfield>
      <controlfield tag="LDR">00000cam  2200505 a 4500</controlfield>
      <controlfield tag="001">004133017</controlfield>
      <controlfield tag="003">OCoLC</controlfield>
      <controlfield tag="005">20150427113228.0</controlfield>
      <controlfield tag="008">150427s1999    ru abe   b    001 0 rusod</controlfield>
      <datafield tag="020" ind1=" " ind2=" ">
         <subfield code="a">5020086177</subfield>
      </datafield>
      <datafield tag="020" ind1=" " ind2=" ">
         <subfield code="a">9785020086173</subfield>
      </datafield>
      <datafield tag="035" ind1=" " ind2=" ">
         <subfield code="a">(OCoLC)42910636</subfield>
      </datafield>
      <datafield tag="040" ind1=" " ind2=" ">
         <subfield code="a">PIT</subfield>
         <subfield code="b">eng</subfield>
         <subfield code="c">PIT</subfield>
         <subfield code="d">NLGGC</subfield>
         <subfield code="d">OCLCG</subfield>
         <subfield code="d">STF</subfield>
         <subfield code="d">OCLCF</subfield>
         <subfield code="d">OCLCQ</subfield>
         <subfield code="d">OCLCO</subfield>
         <subfield code="d">NNU</subfield>
      </datafield>
      <datafield tag="043" ind1=" " ind2=" ">
         <subfield code="a">ac-----</subfield>
      </datafield>
      <datafield tag="050" ind1="1" ind2="4">
         <subfield code="a">DK855</subfield>
         <subfield code="b">.S64 1999</subfield>
      </datafield>
      <datafield tag="066" ind1=" " ind2=" ">
         <subfield code="a">(N</subfield>
      </datafield>
      <datafield tag="084" ind1=" " ind2=" ">
         <subfield code="a">15.75</subfield>
         <subfield code="2">bcl</subfield>
      </datafield>
      <datafield tag="084" ind1=" " ind2=" ">
         <subfield code="a">15.35</subfield>
         <subfield code="2">bcl</subfield>
      </datafield>
      <datafield tag="245" ind1="0" ind2="0">
         <subfield code="6">880-01</subfield>
         <subfield code="a">Sredni͡ai͡a Azii͡a i Dalʹniĭ Vostok v ėpokhu srednevekovʹi͡a :</subfield>
         <subfield code="p">Sredni͡ai͡a Azii͡a v rannem srednevekovʹe /</subfield>
         <subfield code="c">otvetstvennyĭ redaktor toma G.A. Brykina.</subfield>
      </datafield>
      <datafield tag="246" ind1="3" ind2="0">
         <subfield code="6">880-02</subfield>
         <subfield code="a">Sredni͡ai͡a Azii͡a v rannem srednevekovʹe</subfield>
      </datafield>
      <datafield tag="260" ind1=" " ind2=" ">
         <subfield code="6">880-03</subfield>
         <subfield code="a">Moskva :</subfield>
         <subfield code="b">Nauka,</subfield>
         <subfield code="c">1999.</subfield>
      </datafield>
      <datafield tag="300" ind1=" " ind2=" ">
         <subfield code="a">376 pages :</subfield>
         <subfield code="b">illustrations, maps, plans ;</subfield>
         <subfield code="c">30 cm.</subfield>
      </datafield>
      <datafield tag="336" ind1=" " ind2=" ">
         <subfield code="a">text</subfield>
         <subfield code="b">txt</subfield>
         <subfield code="2">rdacontent</subfield>
      </datafield>
      <datafield tag="337" ind1=" " ind2=" ">
         <subfield code="a">unmediated</subfield>
         <subfield code="b">n</subfield>
         <subfield code="2">rdamedia</subfield>
      </datafield>
      <datafield tag="338" ind1=" " ind2=" ">
         <subfield code="a">volume</subfield>
         <subfield code="b">nc</subfield>
         <subfield code="2">rdacarrier</subfield>
      </datafield>
      <datafield tag="490" ind1="1" ind2=" ">
         <subfield code="6">880-04</subfield>
         <subfield code="a">Arkheologii͡a</subfield>
      </datafield>
      <datafield tag="490" ind1="1" ind2=" ">
         <subfield code="6">880-05</subfield>
         <subfield code="a">Археология</subfield>
      </datafield>
      <datafield tag="504" ind1=" " ind2=" ">
         <subfield code="a">Includes bibliographical references (pages 220-241) and indexes.</subfield>
      </datafield>
      <datafield tag="505" ind1="0" ind2="0">
         <subfield code="g">Vvedenie.</subfield>
         <subfield code="t">Prirodnye uslovii͡a /</subfield>
         <subfield code="r">B.V. Andrianov --</subfield>
         <subfield code="t">Obshchie svedenii͡a o Sredneĭ Azii v ėpokhy rannego srednevekov'i͡a /</subfield>
         <subfield code="r">G.A. Brykina, G.V. Shitkina --</subfield>
         <subfield code="t">Severnyĭ Khorasan /</subfield>
         <subfield code="r">G.A. Kotelenko, V.A. Gaibov, A. Gubaev --</subfield>
         <subfield code="t">Khorezm v IV-VIII v.v. /</subfield>
         <subfield code="r">E.E. Nerazik --</subfield>
         <subfield code="t">Sogd /</subfield>
         <subfield code="r">V.I. Raspopova, G.V. Shitkina --</subfield>
         <subfield code="t">Chach i Ilak /</subfield>
         <subfield code="t">I͡U.F. Buri͡akov, M.I. Filanovich --</subfield>
         <subfield code="t">Fergana /</subfield>
         <subfield code="r">G.A. Brykina, N.G. Gorbunova --</subfield>
         <subfield code="t">Ustrushana /</subfield>
         <subfield code="r">N.N. Negmatov --</subfield>
         <subfield code="t">Severnyĭ Tokharistan /</subfield>
         <subfield code="r">T.I. Zeĭmal', Ė.V. Rtveladze --</subfield>
         <subfield code="t">Semirech'e /</subfield>
         <subfield code="r">K.M. Baĭpakov, V.D. Gori͡aiakov --</subfield>
         <subfield code="t">Srednee techenie Syrdar'i /</subfield>
         <subfield code="r">K.M. Baĭpakov --</subfield>
         <subfield code="t">Sogd V-VII vv. Ideologii͡a po pami͡atnikam iskusstva /</subfield>
         <subfield code="r">B.I. Martak --</subfield>
         <subfield code="t">Monety rannesrednevekovoĭ Sredneĭ Azii /</subfield>
         <subfield code="r">E.V. Zeĭmal' --</subfield>
         <subfield code="t">Zakli͡uchenie /</subfield>
         <subfield code="r">E.E. Nerazik, G.V. Shitkina.</subfield>
      </datafield>
      <datafield tag="530" ind1=" " ind2=" ">
         <subfield code="a">Also issued online.</subfield>
      </datafield>
      <datafield tag="651" ind1=" " ind2="0">
         <subfield code="a">Asia, Central</subfield>
         <subfield code="x">Antiquities.</subfield>
      </datafield>
      <datafield tag="650" ind1=" " ind2="0">
         <subfield code="a">Excavations (Archaeology)</subfield>
         <subfield code="z">Asia, Central.</subfield>
      </datafield>
      <datafield tag="650" ind1=" " ind2="7">
         <subfield code="a">Antiquities.</subfield>
         <subfield code="2">fast</subfield>
         <subfield code="0">(OCoLC)fst00810745</subfield>
      </datafield>
      <datafield tag="650" ind1=" " ind2="7">
         <subfield code="a">Excavations (Archaeology)</subfield>
         <subfield code="2">fast</subfield>
         <subfield code="0">(OCoLC)fst00917564</subfield>
      </datafield>
      <datafield tag="651" ind1=" " ind2="7">
         <subfield code="a">Asia, Central.</subfield>
         <subfield code="2">fast</subfield>
         <subfield code="0">(OCoLC)fst01240497</subfield>
      </datafield>
      <datafield tag="650" ind1="1" ind2="7">
         <subfield code="a">Archeologie.</subfield>
         <subfield code="2">gtt</subfield>
      </datafield>
      <datafield tag="700" ind1="1" ind2=" ">
         <subfield code="a">Brykina, G. A.</subfield>
         <subfield code="q">(Galina Anatolʹevna)</subfield>
      </datafield>
      <datafield tag="776" ind1="0" ind2="8">
         <subfield code="i">Online version:</subfield>
         <subfield code="t">Sredni͡ai͡a Azii͡a i Dalʹniĭ Vostok v ėpokhu srednevekovʹi͡a. Sredni͡ai͡a Azii͡a v rannem srednevekovʹe.</subfield>
         <subfield code="d">Moskva : Nauka, 1999</subfield>
         <subfield code="w">(OCoLC)606283074</subfield>
      </datafield>
      <datafield tag="880" ind1="0" ind2="0">
         <subfield code="6">245-01/</subfield>
         <subfield code="a">Средняя Азия и Дальний Восток в эпоху средневековья :</subfield>
         <subfield code="b">Средняя Азия в раннем средневековье /</subfield>
         <subfield code="c">ответственный редактор тома Г.А. Брыкина.</subfield>
      </datafield>
      <datafield tag="880" ind1="3" ind2="0">
         <subfield code="6">246-02/</subfield>
         <subfield code="a">Средняя Азия в раннем средневековье</subfield>
      </datafield>
      <datafield tag="880" ind1=" " ind2=" ">
         <subfield code="6">260-03/</subfield>
         <subfield code="a">Москва :</subfield>
         <subfield code="b">Наука,</subfield>
         <subfield code="c">1999.</subfield>
      </datafield>
      <datafield tag="830" ind1=" " ind2="0">
         <subfield code="a">Arkheologii͡a (Izdanie v 20 tomakh)</subfield>
      </datafield>
      <datafield tag="994" ind1=" " ind2=" ">
         <subfield code="a">Z0</subfield>
         <subfield code="b">ZYU</subfield>
      </datafield>
      <datafield tag="OWN" ind1=" " ind2=" ">
         <subfield code="a">GENERAL</subfield>
      </datafield>
      <datafield tag="AVA" ind1=" " ind2=" ">
         <subfield code="a">NYU50</subfield>
         <subfield code="b">NISAW</subfield>
         <subfield code="c">Large Collection</subfield>
         <subfield code="d">DK855 .S64 1999</subfield>
         <subfield code="e">available</subfield>
         <subfield code="t">Available</subfield>
         <subfield code="f">1</subfield>
         <subfield code="g">0</subfield>
         <subfield code="h">N</subfield>
         <subfield code="i">0</subfield>
         <subfield code="j">LARGE</subfield>
         <subfield code="k">0</subfield>
      </datafield>
      <marc:datafield tag="852" ind1=" " ind2=" ">
         <marc:subfield code="b">Institute for the Study of the Ancient World, </marc:subfield>
         <marc:subfield code="c">Large Collection</marc:subfield>
         <marc:subfield code="e">15 East 84th St., </marc:subfield>
         <marc:subfield code="e">New York, NY  10028</marc:subfield>
      </marc:datafield>
   </record>