
  
  
  
  
  
  
 
  
  <record xsi:schemaLocation="http://www.loc.gov/MARC21/slim http://www.loc.gov/standards/marcxml/schema/MARC21slim.xsd">
      <leader>00000cam  2200313 i 4500</leader>
      <controlfield tag="FMT">BK</controlfield>
      <controlfield tag="LDR">00000cam  2200313 i 4500</controlfield>
      <controlfield tag="001">002430760</controlfield>
      <controlfield tag="003">NNU</controlfield>
      <controlfield tag="005">20150429112829.0</controlfield>
      <controlfield tag="008">730702t19601960ilubf    b    100 0 eng d</controlfield>
      <datafield tag="010" ind1=" " ind2=" ">
         <subfield code="a">60013791</subfield>
      </datafield>
      <datafield tag="035" ind1=" " ind2=" ">
         <subfield code="a">(OCoLC)648531</subfield>
      </datafield>
      <datafield tag="035" ind1=" " ind2=" ">
         <subfield code="a">(CStRLIN)NYUG0648531B</subfield>
      </datafield>
      <datafield tag="035" ind1=" " ind2=" ">
         <subfield code="a">GLIS000664649</subfield>
      </datafield>
      <datafield tag="035" ind1=" " ind2=" ">
         <subfield code="a">(NYU)NYUb10066464</subfield>
      </datafield>
      <datafield tag="035" ind1="9" ind2=" ">
         <subfield code="a">NYUb10066464</subfield>
      </datafield>
      <datafield tag="040" ind1=" " ind2=" ">
         <subfield code="a">DLC</subfield>
         <subfield code="b">eng</subfield>
         <subfield code="e">rda</subfield>
         <subfield code="c">DRB</subfield>
         <subfield code="d">rda</subfield>
         <subfield code="d">DLC</subfield>
         <subfield code="d">FDA</subfield>
         <subfield code="d">NLGGC</subfield>
         <subfield code="d">OCLCG</subfield>
         <subfield code="d">DEBBG</subfield>
         <subfield code="d">CGU</subfield>
         <subfield code="d">OCLCF</subfield>
         <subfield code="d">OCLCQ</subfield>
         <subfield code="d">OCLCO</subfield>
         <subfield code="d">NNU</subfield>
      </datafield>
      <datafield tag="043" ind1=" " ind2=" ">
         <subfield code="a">aw-----</subfield>
      </datafield>
      <datafield tag="050" ind1=" " ind2="4">
         <subfield code="a">CB311</subfield>
         <subfield code="b">.S9 1958</subfield>
      </datafield>
      <datafield tag="082" ind1="0" ind2=" ">
         <subfield code="a">901.91</subfield>
      </datafield>
      <datafield tag="111" ind1="2" ind2=" ">
         <subfield code="a">Symposium on Urbanization and Cultural Development in the Ancient Near East</subfield>
         <subfield code="d">(1958 :</subfield>
         <subfield code="c">University of Chicago)</subfield>
      </datafield>
      <datafield tag="245" ind1="1" ind2="0">
         <subfield code="a">City invincible :</subfield>
         <subfield code="b">a symposium on urbanization and cultural development in the Ancient Near East : held at the Oriental Institute of the University of Chicago, December 4-7, 1958 /</subfield>
         <subfield code="c">edited for the Planning Committee by Carl H. Kraeling and Robert M. Adams.</subfield>
      </datafield>
      <datafield tag="246" ind1="3" ind2=" ">
         <subfield code="a">Urbanization and cultural development in the Ancient Near East</subfield>
      </datafield>
      <datafield tag="264" ind1=" " ind2="1">
         <subfield code="a">Chicago :</subfield>
         <subfield code="b">University of Chicago Press,</subfield>
         <subfield code="c">[1960]</subfield>
      </datafield>
      <datafield tag="264" ind1=" " ind2="4">
         <subfield code="c">©1960</subfield>
      </datafield>
      <datafield tag="300" ind1=" " ind2=" ">
         <subfield code="a">xiv, 447 pages, [1] leaf of plates :</subfield>
         <subfield code="b">maps (1 folded) ;</subfield>
         <subfield code="c">25 cm.</subfield>
      </datafield>
      <datafield tag="336" ind1=" " ind2=" ">
         <subfield code="a">text</subfield>
         <subfield code="b">txt</subfield>
         <subfield code="2">rdacontent</subfield>
      </datafield>
      <datafield tag="337" ind1=" " ind2=" ">
         <subfield code="a">unmediated</subfield>
         <subfield code="b">n</subfield>
         <subfield code="2">rdamedia</subfield>
      </datafield>
      <datafield tag="338" ind1=" " ind2=" ">
         <subfield code="a">volume</subfield>
         <subfield code="b">nc</subfield>
         <subfield code="2">rdacarrier</subfield>
      </datafield>
      <datafield tag="490" ind1="1" ind2=" ">
         <subfield code="a">Oriental Institute special publication</subfield>
      </datafield>
      <datafield tag="500" ind1=" " ind2=" ">
         <subfield code="a">ISAW copy is from the Library of Hayim and Miriam Tadmor.</subfield>
         <subfield code="5">NNU</subfield>
      </datafield>
      <datafield tag="504" ind1=" " ind2=" ">
         <subfield code="a">Includes bibliographical references.</subfield>
      </datafield>
      <datafield tag="505" ind1="0" ind2="0">
         <subfield code="t">The members of the symposium --</subfield>
         <subfield code="t">The sessions of the symposium.</subfield>
         <subfield code="g">Introduction.</subfield>
         <subfield code="t">Greetings from the University of Chicago /</subfield>
         <subfield code="r">Lawrence A. Kimpton --</subfield>
         <subfield code="t">Universal city /</subfield>
         <subfield code="r">Lewis Mumford.</subfield>
         <subfield code="g">I.</subfield>
         <subfield code="t">The background for the expansion of society in the ancient Near East.</subfield>
         <subfield code="t">Factors influencing the rise of civilization in the alluvium : illustrated by Mesopotamia /</subfield>
         <subfield code="r">discussion introduced by Robert M. Adams --</subfield>
         <subfield code="t">Factors influencing the rise of civilization in the upland : illustrated by the Negev /</subfield>
         <subfield code="r">discussion introduced by Nelson Glueck.</subfield>
         <subfield code="g">II.</subfield>
         <subfield code="t">The development of culture in the national states.</subfield>
         <subfield code="t">Mesopotamia up to the Assyrian period.</subfield>
         <subfield code="t">Political institutions, literature, and relgion /</subfield>
         <subfield code="r">discussion introduced by Thorkild Jacobsen --</subfield>
         <subfield code="t">Scribal concepts of education /</subfield>
         <subfield code="r">discussion introduced by Benno Landsberger.</subfield>
         <subfield code="t">Egypt through the New Kingdom.</subfield>
         <subfield code="t">Civilization without cities /</subfield>
         <subfield code="r">discussion introduced by John A. Wilson.</subfield>
         <subfield code="g">III.</subfield>
         <subfield code="t">The development of culture in the great empires.</subfield>
         <subfield code="t">Assyria and Persia /</subfield>
         <subfield code="r">discussion introduced by Hans G. Güterbock --</subfield>
         <subfield code="t">The Greek and Roman orient /</subfield>
         <subfield code="r">discussion introduced by Carl H. Kraeling.</subfield>
         <subfield code="g">IV.</subfield>
         <subfield code="t">Concluding address /</subfield>
         <subfield code="r">Lewis Mumford.</subfield>
         <subfield code="g">The background papers.</subfield>
         <subfield code="g">I.</subfield>
         <subfield code="t">The expansion of society and its cultural implications /</subfield>
         <subfield code="r">Milton Singer --</subfield>
         <subfield code="g">II.</subfield>
         <subfield code="t">Early civilizations, subsistence, and environment /</subfield>
         <subfield code="r">Robert M. Adams --</subfield>
         <subfield code="g">III.</subfield>
         <subfield code="t">Prelude to civilization /</subfield>
         <subfield code="r">Robert J. Braidwood --</subfield>
         <subfield code="g">IV.</subfield>
         <subfield code="t">The function of language in the cultural process of expansion of Mesopotamian society /</subfield>
         <subfield code="r">Ignace J. Gelb --</subfield>
         <subfield code="g">V.</subfield>
         <subfield code="t">On the comparative treatment of economic institutions in antiquity, with illustrations from Athens, Mycenae, and Alalakh /</subfield>
         <subfield code="r">Karl Polanyi --</subfield>
         <subfield code="g">VI.</subfield>
         <subfield code="t">Structures and changes in the history of religions /</subfield>
         <subfield code="r">Mircea Eliade; translated from French by Kathryn K. Atwater --</subfield>
         <subfield code="g">VII.</subfield>
         <subfield code="t">Man's day of fate : the influence of Homer on later Greek literature /</subfield>
         <subfield code="r">David Grene --</subfield>
      </datafield>
      <datafield tag="505" ind1="8" ind2="0">
         <subfield code="g">VIII.</subfield>
         <subfield code="t">The moral order in the expanding society /</subfield>
         <subfield code="r">Clyde Kluckhohn --</subfield>
         <subfield code="g">IX.</subfield>
         <subfield code="t">Process and change in the cultural spectrum coincident with expansion : government and law /</subfield>
         <subfield code="r">Max Rheinstein --</subfield>
         <subfield code="g">X.</subfield>
         <subfield code="t">Culture and art /</subfield>
         <subfield code="r">Otto G. von Simson --</subfield>
         <subfield code="g">XI.</subfield>
         <subfield code="t">Islam : its inherent power of expansion and adaptation /</subfield>
         <subfield code="r">Gustave E. Von Grunebaum.</subfield>
         <subfield code="g">Maps and chart.</subfield>
         <subfield code="t">Map of the early Near East --</subfield>
         <subfield code="t">Map of the Near East in Greek and Roman times --</subfield>
         <subfield code="t">Chronological chart of the Near East from about 3500 B.C. to A.D. 800.</subfield>
      </datafield>
      <datafield tag="650" ind1=" " ind2="0">
         <subfield code="a">Cities and towns, Ancient</subfield>
         <subfield code="v">Congresses.</subfield>
      </datafield>
      <datafield tag="650" ind1=" " ind2="0">
         <subfield code="a">Civilization, Ancient</subfield>
         <subfield code="v">Congresses.</subfield>
      </datafield>
      <datafield tag="700" ind1="1" ind2=" ">
         <subfield code="a">Adams, Robert McC.</subfield>
         <subfield code="q">(Robert McCormick),</subfield>
         <subfield code="d">1926-</subfield>
         <subfield code="e">editor.</subfield>
      </datafield>
      <datafield tag="700" ind1="1" ind2=" ">
         <subfield code="a">Kraeling, Carl H.</subfield>
         <subfield code="q">(Carl Hermann),</subfield>
         <subfield code="d">1897-1966</subfield>
         <subfield code="e">editor.</subfield>
      </datafield>
      <datafield tag="796" ind1="1" ind2=" ">
         <subfield code="a">Tadmor, Hayim,</subfield>
         <subfield code="e">former owner.</subfield>
      </datafield>
      <datafield tag="797" ind1="2" ind2=" ">
         <subfield code="a">Tadmor Collection.</subfield>
      </datafield>
      <datafield tag="796" ind1="1" ind2=" ">
         <subfield code="a">Tadmor, Miriam,</subfield>
         <subfield code="e">former owner.</subfield>
      </datafield>
      <datafield tag="797" ind1="2" ind2=" ">
         <subfield code="a">Research Institute for the Study of Man,</subfield>
         <subfield code="e">former owner.</subfield>
      </datafield>
      <datafield tag="830" ind1=" " ind2="0">
         <subfield code="a">Oriental Institute special publication</subfield>
      </datafield>
      <datafield tag="OWN" ind1=" " ind2=" ">
         <subfield code="a">GENERAL</subfield>
      </datafield>
      <datafield tag="AVA" ind1=" " ind2=" ">
         <subfield code="a">NYU50</subfield>
         <subfield code="b">BOBST</subfield>
         <subfield code="c">Main Collection</subfield>
         <subfield code="d">CB311 .S9 1958</subfield>
         <subfield code="e">unavailable</subfield>
         <subfield code="t">Unavailable</subfield>
         <subfield code="f">2</subfield>
         <subfield code="g">2</subfield>
         <subfield code="h">N</subfield>
         <subfield code="i">1</subfield>
         <subfield code="j">MAIN</subfield>
         <subfield code="k">0</subfield>
      </datafield>
      <datafield tag="AVA" ind1=" " ind2=" ">
         <subfield code="a">NYU50</subfield>
         <subfield code="b">NISAW</subfield>
         <subfield code="c">Small Collection</subfield>
         <subfield code="d">CB311 .S9 1958</subfield>
         <subfield code="e">available</subfield>
         <subfield code="t">Available</subfield>
         <subfield code="f">1</subfield>
         <subfield code="g">0</subfield>
         <subfield code="h">N</subfield>
         <subfield code="i">0</subfield>
         <subfield code="j">SMALL</subfield>
         <subfield code="k">0</subfield>
      </datafield>
      <marc:datafield tag="852" ind1=" " ind2=" ">
         <marc:subfield code="b">Institute for the Study of the Ancient World, </marc:subfield>
         <marc:subfield code="c">Small Collection</marc:subfield>
         <marc:subfield code="e">15 East 84th St., </marc:subfield>
         <marc:subfield code="e">New York, NY  10028</marc:subfield>
      </marc:datafield>
      <datafield tag="AVA" ind1=" " ind2=" ">
         <subfield code="a">NYU50</subfield>
         <subfield code="b">TNSFO</subfield>
         <subfield code="c">Main Collection</subfield>
         <subfield code="d">CB311 .S9 1958</subfield>
         <subfield code="e">unavailable</subfield>
         <subfield code="t">Unavailable</subfield>
         <subfield code="f">1</subfield>
         <subfield code="g">1</subfield>
         <subfield code="h">N</subfield>
         <subfield code="i">0</subfield>
         <subfield code="j">MAIN</subfield>
         <subfield code="k">0</subfield>
      </datafield>
   </record>